1633305604,847540219,48241,0.032,sell
1633305604,847540220,48241,0.00126402,sell
1633305604,847540218,48241,0.1,sell
1633305606,847540221,48231,0.00188426,sell
1633305608,847540222,48232,0.1,buy
1633305608,847540225,48235,0.07511019,buy
1633305608,847540224,48234,0.414774,buy
1633305608,847540223,48233,0.311052,buy
1633305608,847540226,48238.61477501,0.207387,buy
1633305608,847540228,48239,0.0208,buy
1633305608,847540229,48239,0.08887681,buy
1633305612,847540231,48234,0.00017543,sell
1633305612,847540232,48234,0.034,sell
1633305614,847540237,48230,0.08914719,sell
1633305614,847540238,48230,0.00010281,sell
1633305614,847540241,48230,1.415E-5,sell
1633305616,847540250,48207,0.005,sell
1633305619,847540251,48208,0.00018602,buy
1633305619,847540252,48207,0.005,sell
1633305621,847540253,48208,0.01,buy
1633305625,847540254,48207,0.005,sell
1633305629,847540256,48207,0.005,sell
1633305631,847540257,48207,0.01,sell
1633305633,847540259,48206,0.00070211,sell
1633305633,847540261,48206,0.20681989,sell
1633305654,847540268,48199.4974262,0.005,buy
1633305660,847540272,48199,0.00020482,sell
1633305660,847540277,48180,0.18,sell
1633305660,847540279,48180,0.0198,sell
1633305660,847540281,48178.60521261,0.0002,sell
1633305660,847540283,48177.44453407,0.0002,sell
1633305660,847540285,48176.28385554,0.0002,sell
1633305660,847540287,48175.12317701,0.0002,sell
1633305660,847540289,48174,0.16140026,sell
1633305661,847540292,48172.80181994,0.0002,sell
1633305661,847540294,48171.64114141,0.0002,sell
1633305661,847540296,48171,0.0046,sell
1633305662,847540298,48171,0.005,sell
1633305663,847540300,48171.64114141,0.01037355,buy
1633305664,847540302,48171.64114141,0.48962645,buy
1633305664,847540304,48172,0.35,buy
1633305664,847540305,48172,0.1,buy
1633305664,847540306,48172,0.069,buy
1633305664,847540307,48172,0.0208,buy
1633305664,847540311,48183,0.00033,buy
1633305664,847540312,48183,3.77E-6,buy
1633305666,847540313,48192.80378334,0.00121291,sell
1633305666,847540315,48192.533355,0.00378709,sell
1633305667,847540317,48193,0.00274041,buy
1633305667,847540318,48193,0.00330527,buy
1633305673,847540324,48192,0.00020484,sell
1633305681,847540328,48180,0.01082207,buy
1633305695,847540334,48179,0.00038052,sell
1633305695,847540336,48173,0.0085,sell
1633305695,847540335,48173,0.00461948,sell
1633305698,847540338,48171,0.0004,sell
1633305698,847540339,48171,0.02,sell
1633305698,847540340,48170.48046288,0.0002,sell
1633305698,847540342,48169.31978435,0.0002,sell
1633305698,847540345,48169,0.0999,sell
1633305698,847540344,48169,0.0007204,sell
1633305698,847540346,48168.15910581,0.0002,sell
1633305698,847540348,48167,0.2499,sell
1633305698,847540349,48166.99842728,0.0002,sell
1633305698,847540351,48166,0.02182495,sell
1633305698,847540354,48166,0.07807505,sell
1633305698,847540357,48163.51639168,0.0002,sell
1633305698,847540359,48163,6.6E-5,sell
1633305698,847540360,48162.35571315,0.0002,sell
1633305698,847540362,48162,0.1,sell
1633305698,847540363,48162,6.6E-5,sell
1633305698,847540370,48161,6.6E-5,sell
1633305698,847540375,48160,6.6E-5,sell
1633305698,847540379,48159,6.6E-5,sell
1633305698,847540386,48158,6.6E-5,sell
1633305698,847540393,48157,6.6E-5,sell
1633305701,847540399,48156.16455086,0.00022,sell
1633305701,847540401,48156,6.6E-5,sell
1633305701,847540402,48155.70777539,0.00022,sell
1633305701,847540404,48155.39164195,0.0002,sell
1633305701,847540406,48155,6.6E-5,sell
1633305701,847540407,48155,0.004228,sell
1633305702,847540410,48155,0.00070286,sell
1633305702,847540409,48155,0.095772,sell
1633305702,847540411,48154.80754225,0.00022,sell
1633305702,847540413,48154.80647258,0.00022,sell
1633305702,847540415,48154.23096342,0.0002,sell
1633305702,847540417,48154,6.6E-5,sell
1633305702,847540426,48153,6.6E-5,sell
1633305702,847540432,48152,6.6E-5,sell
1633305703,847540434,48151.20126134,0.00022,sell
1633305703,847540436,48151,0.00478,sell
1633305703,847540437,48151,0.005,sell
1633305704,847540439,48152,0.0183,buy
1633305704,847540438,48152,0.010219,buy
1633305732,847540444,48155,0.00330527,buy
1633305732,847540445,48155,0.00330527,buy
1633305732,847540446,48155,0.00330527,buy
1633305732,847540447,48155,8.419E-5,buy
1633305733,847540448,48154.80647258,0.005,sell
1633305737,847540451,48155,0.05281581,buy
1633305737,847540452,48155,0.00330527,buy
1633305737,847540453,48155,0.00330527,buy
1633305737,847540455,48155,0.00274041,buy
1633305737,847540454,48155,0.00330527,buy
1633305737,847540456,48155,0.00330527,buy
1633305737,847540457,48155,0.0399227,buy
1633305737,847540458,48155,7.73E-5,buy
1633305737,847540459,48157,0.1,buy
1633305739,847540460,48162,0.00036773,buy
1633305739,847540461,48162,0.0001464,buy
1633305739,847540462,48165,0.00235088,buy
1633305739,847540463,48165,0.00036773,buy
1633305739,847540464,48165,0.00235088,buy
1633305739,847540465,48165,0.00235088,buy
1633305739,847540466,48165,0.00010379,buy
1633305739,847540467,48165,0.00235088,buy
1633305739,847540469,48165,0.00036773,buy
1633305739,847540468,48165,0.00010379,buy
1633305739,847540470,48165,0.00010379,buy
1633305739,847540471,48165,0.00010379,buy
1633305739,847540473,48165,0.00235088,buy
1633305739,847540472,48165,0.00036773,buy
1633305739,847540474,48165,0.00010379,buy
1633305739,847540475,48165,0.00010379,buy
1633305739,847540477,48165,0.00235088,buy
1633305739,847540476,48165,0.00036773,buy
1633305739,847540478,48165,0.00010379,buy
1633305739,847540480,48165,0.00036773,buy
1633305739,847540479,48165,0.00010379,buy
1633305739,847540481,48165,0.00010379,buy
1633305739,847540483,48166,0.05355695,buy
1633305739,847540482,48165,0.00235088,buy
1633305739,847540484,48166,5.339E-5,buy
1633305739,847540485,48167,0.00036773,buy
1633305739,847540487,48167,0.00274041,buy
1633305739,847540486,48167,0.00010379,buy
1633305739,847540488,48167,0.00036773,buy
1633305739,847540489,48167,0.00274041,buy
1633305739,847540490,48167,0.00330527,buy
1633305739,847540491,48167,0.00036773,buy
1633305739,847540492,48167,0.00235088,buy
1633305739,847540493,48167,0.00274041,buy
1633305739,847540495,48167,0.00010379,buy
1633305739,847540494,48167,0.00036773,buy
1633305748,847540497,48154,0.415572,sell
1633305748,847540498,48154,6.4E-5,sell
1633305748,847540500,48154,0.044,sell
1633305748,847540499,48154,0.00011172,sell
1633305750,847540502,48152,0.37869207,sell
1633305750,847540504,48151,0.01022,sell
1633305750,847540506,48151,0.01,sell
1633305750,847540510,48151,8.786E-5,sell
1633305750,847540508,48151,6.6E-5,sell
1633305751,847540519,48150,6.6E-5,sell
1633305751,847540517,48150,0.0004,sell
1633305751,847540521,48150,0.00072059,sell
1633305751,847540523,48149.39865572,0.00022,sell
1633305751,847540525,48149.37950781,0.00022,sell
1633305751,847540527,48149,6.6E-5,sell
1633305751,847540528,48151,0.0183,buy
1633305751,847540530,48154,0.06407001,buy
1633305751,847540529,48152,0.00067554,buy
1633305751,847540531,48155,0.00274041,buy
1633305752,847540534,48165,0.00010379,buy
1633305752,847540536,48168.15910581,0.13536389,buy
1633305752,847540535,48165,0.00036773,buy
1633305752,847540538,48165,0.005,sell
1633305752,847540539,48168.15910581,0.34633611,buy
1633305752,847540541,48168.15910581,0.0183,buy
1633305756,847540544,48170,0.00049771,buy
1633305756,847540545,48175,0.00450229,buy
1633305757,847540546,48169,0.00824322,sell
1633305757,847540547,48169,0.01275678,sell
1633305761,847540548,48148.49735291,0.00022,sell
1633305761,847540550,48148.42757076,0.0002,sell
1633305761,847540554,48148,6.6E-5,sell
1633305761,847540552,48148.0224992,0.00022,sell
1633305761,847540555,48147.59605011,0.00022,sell
1633305761,847540557,48147.26689223,0.0002,sell
1633305761,847540559,48147,6.6E-5,sell
1633305761,847540560,48146.6947473,0.00022,sell
1633305761,847540562,48146.6947473,0.00772265,sell
1633305761,847540564,48146.66549059,0.00022,sell
1633305761,847540566,48146.10621369,0.0002,sell
1633305761,847540568,48146,6.6E-5,sell
1633305761,847540569,48145.79344449,0.00022,sell
1633305761,847540573,48145,6.6E-5,sell
1633305761,847540571,48145.30848198,0.00022,sell
1633305761,847540574,48144.94553516,0.0002,sell
1633305761,847540578,48144,6.6E-5,sell
1633305761,847540576,48144.89214168,0.00022,sell
1633305761,847540579,48143.99083887,0.00022,sell
1633305761,847540581,48143.99083887,0.1764,sell
1633305761,847540583,48143.95147337,0.00022,sell
1633305761,847540585,48143.78485663,0.0002,sell
1633305761,847540587,48143.08953606,0.00022,sell
1633305761,847540589,48143,6.6E-5,sell
1633305761,847540590,48142.62417809,0.0002,sell
1633305761,847540592,48142.59446476,0.00022,sell
1633305761,847540594,48142.18823325,0.00022,sell
1633305761,847540596,48142,6.6E-5,sell
1633305761,847540597,48141.46349956,0.0002,sell
1633305761,847540599,48141.28693044,0.00022,sell
1633305761,847540601,48141.23745615,0.00022,sell
1633305761,847540603,48141,6.6E-5,sell
1633305761,847540604,48140.38562763,0.00022,sell
1633305761,847540606,48140.30282103,0.0002,sell
1633305761,847540608,48140,6.6E-5,sell
1633305761,847540609,48139.88044754,0.00022,sell
1633305761,847540611,48139.48432483,0.00022,sell
1633305761,847540613,48139.1421425,0.0002,sell
1633305761,847540615,48139,6.6E-5,sell
1633305761,847540616,48138.58302202,0.00022,sell
1633305761,847540618,48138.52343893,0.00022,sell
1633305761,847540620,48138,6.6E-5,sell
1633305761,847540621,48137.98146396,0.0002,sell
1633305761,847540623,48137.68171921,0.00022,sell
1633305761,847540625,48137.16643032,0.00022,sell
1633305761,847540627,48137,6.6E-5,sell
1633305761,847540628,48136.82078543,0.0002,sell
1633305761,847540630,48136.7804164,0.00022,sell
1633305761,847540632,48136,6.6E-5,sell
1633305761,847540633,48135.87911359,0.00022,sell
1633305761,847540635,48135.80942171,0.000192,sell
1633305761,847540637,48142,0.01,buy
1633305762,847540639,48135.87911359,0.005,sell
1633305774,847540644,48135.87911359,0.005,sell
1633305780,847540651,48144,0.0999,buy
1633305781,847540652,48144,0.0001,buy
1633305782,847540653,48146,0.00235088,buy
1633305783,847540654,48152,0.00010379,buy
1633305783,847540655,48155,0.00274041,buy
1633305783,847540656,48165,0.00036773,buy
1633305783,847540657,48169,0.00178807,buy
1633305783,847540658,48164,0.00126541,sell
1633305783,847540659,48163,0.09873459,sell
1633305786,847540661,48163,0.002,sell
1633305786,847540660,48165,8.785E-5,sell
1633305798,847540670,48162,8.784E-5,sell
1633305798,847540671,48156,1.595E-5,sell
1633305807,847540674,48158,0.00011,sell
1633305807,847540675,48158,7.14E-6,sell
1633305810,847540677,48142,0.00046869,sell
1633305810,847540678,48137.68171921,0.00453131,sell
1633305823,847540684,48135.80942171,2.8E-5,sell
1633305823,847540686,48135.6601069,7.579E-5,sell
1633305830,847540689,48135.6601069,0.00012421,sell
1633305830,847540691,48135,6.6E-5,sell
1633305830,847540692,48135,0.00020509,sell
1633305830,847540693,48134.97781078,0.00022,sell
1633305830,847540695,48134.97781078,0.00268997,sell
1633305832,847540704,48136,0.1,buy
1633305832,847540703,48135,0.0023509,buy
1633305832,847540705,48136,0.00274041,buy
1633305832,847540706,48136,0.00330527,buy
1633305832,847540707,48136,0.00274041,buy
1633305832,847540708,48136,0.00330527,buy
1633305832,847540709,48136,0.00274041,buy
1633305832,847540710,48136,0.00036773,buy
1633305832,847540711,48136,0.00274041,buy
1633305832,847540712,48136,0.00274041,buy
1633305832,847540713,48136,0.00036773,buy
1633305832,847540714,48136,0.00330527,buy
1633305832,847540716,48136,0.0023509,buy
1633305832,847540715,48136,0.00274041,buy
1633305832,847540717,48136,0.00274041,buy
1633305832,847540718,48136,0.00036773,buy
1633305832,847540719,48136,0.00274041,buy
1633305832,847540720,48136,0.00330527,buy
1633305832,847540721,48136,0.0023509,buy
1633305832,847540722,48136,0.0023509,buy
1633305832,847540723,48136,0.0023509,buy
1633305833,847540725,48139,0.00330527,buy
1633305837,847540727,48139,0.00015135,sell
1633305837,847540728,48139,0.00106425,sell
1633305837,847540729,48136,0.00393575,sell
1633305838,847540730,48139,0.00123355,sell
1633305838,847540731,48139,0.00111735,sell
1633305840,847540733,48140,8.788E-5,buy
1633305842,847540736,48149,0.1,buy
1633305843,847540738,48144,0.00011717,buy
1633305843,847540740,48150,1.57438004,buy
1633305843,847540741,48150,0.20852804,buy
1633305843,847540742,48150,0.22491238,buy
1633305843,847540743,48150,0.061,buy
1633305843,847540744,48150,0.6375,buy
1633305843,847540745,48150,0.9166,buy
1633305843,847540746,48150,0.12876341,buy
1633305843,847540747,48150,0.1767,buy
1633305843,847540748,48150,0.11994743,buy
1633305843,847540749,48150,0.10409852,buy
1633305843,847540750,48150,0.17724883,buy
1633305843,847540751,48150,0.13405374,buy
1633305843,847540752,48150,0.6034,buy
1633305843,847540753,48150,0.6034,buy
1633305843,847540754,48150,0.3148,buy
1633305843,847540755,48150,0.1024,buy
1633305843,847540756,48150,0.00810641,buy
1633305843,847540757,48150,0.9166,buy
1633305843,847540758,48150,0.9999,buy
1633305843,847540759,48150,0.9166,buy
1633305843,847540760,48150,0.0112,buy
1633305843,847540761,48150,0.01,buy
1633305843,847540762,48150,0.23,buy
1633305843,847540763,48150,0.08,buy
1633305843,847540764,48150,0.02,buy
1633305843,847540765,48150,0.01,buy
1633305843,847540766,48150,0.03,buy
1633305843,847540767,48150,0.02,buy
1633305843,847540768,48150,0.17,buy
1633305843,847540769,48150,0.05,buy
1633305843,847540770,48150,0.02,buy
1633305843,847540771,48150,0.39,buy
1633305843,847540772,48150,0.04,buy
1633305843,847540773,48150,0.9999,buy
1633305843,847540774,48150,0.4807,buy
1633305843,847540775,48150,0.08,buy
1633305843,847540776,48150,0.06,buy
1633305843,847540777,48150,0.01,buy
1633305843,847540778,48150,0.01,buy
1633305843,847540779,48150,0.4288,buy
1633305843,847540780,48150,0.01,buy
1633305843,847540781,48150,0.09,buy
1633305843,847540782,48150,0.01,buy
1633305843,847540783,48150,0.12,buy
1633305843,847540784,48150,0.03,buy
1633305843,847540785,48150,0.01,buy
1633305843,847540786,48150,0.194,buy
1633305843,847540787,48150,0.1087,buy
1633305843,847540788,48150,0.415175,buy
1633305843,847540789,48150,0.16,buy
1633305843,847540790,48150,0.1941,buy
1633305843,847540791,48150,0.02,buy
1633305843,847540792,48150,0.01,buy
1633305843,847540793,48150,0.02,buy
1633305843,847540794,48150,0.08,buy
1633305843,847540795,48150,0.14,buy
1633305843,847540796,48150,0.09,buy
1633305843,847540797,48150,0.6984,buy
1633305843,847540798,48150,0.22,buy
1633305843,847540799,48150,0.04,buy
1633305844,847540800,48150,0.6666,buy
1633305844,847540801,48150,0.8333,buy
1633305844,847540802,48150,0.9996,buy
1633305844,847540803,48150,0.6666,buy
1633305844,847540804,48150,0.9996,buy
1633305844,847540805,48150,0.8333,buy
1633305844,847540806,48150,0.04,buy
1633305844,847540807,48150,0.01,buy
1633305844,847540808,48150,0.03,buy
1633305844,847540809,48150,0.07528232,buy
1633305844,847540810,48150,0.12513681,buy
1633305844,847540811,48150,0.14804322,buy
1633305844,847540812,48150,0.11706581,buy
1633305844,847540813,48150,0.08341121,buy
1633305844,847540815,48150,0.415178,buy
1633305844,847540816,48150,0.14299066,buy
1633305844,847540817,48150,0.24109665,buy
1633305844,847540818,48150,0.40662968,buy
1633305844,847540819,48150,0.10209274,buy
1633305844,847540820,48150,0.4999,buy
1633305844,847540821,48150,0.3957,buy
1633305844,847540822,48150,0.6666,buy
1633305844,847540823,48150,0.4999,buy
1633305844,847540824,48150,0.0582,buy
1633305844,847540825,48150,0.0326,buy
1633305844,847540826,48150,0.0167,buy
1633305844,847540827,48150,0.0036,buy
1633305845,847540828,48150,0.1554,buy
1633305845,847540829,48150,0.2074,buy
1633305845,847540830,48150,0.0984,buy
1633305845,847540831,48150,0.0857,buy
1633305845,847540833,48150,0.415192,buy
1633305847,847540858,48150,0.01,buy
1633305847,847540859,48150,0.03,buy
1633305847,847540862,48150,0.01,buy
1633305847,847540863,48150,0.03,buy
1633305847,847540864,48150,0.03,buy
1633305847,847540865,48150,0.01,buy
1633305847,847540866,48150,0.03,buy
1633305847,847540867,48150,0.02,buy
1633305847,847540868,48150,0.45429321,buy
1633305847,847540869,48150,0.40662968,buy
1633305847,847540870,48150,0.15,buy
1633305847,847540871,48150,0.02,buy
1633305847,847540872,48150,0.33811332,buy
1633305847,847540873,48150,0.05,buy
1633305847,847540874,48150,0.02,buy
1633305847,847540875,48150,0.04,buy
1633305847,847540876,48150,0.01,buy
1633305847,847540877,48150,0.02,buy
1633305847,847540878,48150,0.05,buy
1633305847,847540879,48150,0.08,buy
1633305847,847540880,48150,0.03,buy
1633305847,847540881,48150,0.02,buy
1633305847,847540882,48150,0.0135,buy
1633305847,847540884,48150,0.00017574,buy
1633305847,847540883,48150,0.21633089,buy
1633305854,847540891,48156,0.05,sell
1633305860,847540893,48157,0.00020499,buy
1633305863,847540895,48169,0.0022,buy
1633305863,847540896,48169,6.75E-5,buy
1633305865,847540899,48199.4974262,0.005,buy
1633305865,847540901,48199.4974262,0.00257344,buy
1633305865,847540903,48199.4974262,0.00257344,buy
1633305867,847540905,48199.4974262,0.414725,buy
1633305870,847540908,48199,0.005,sell
1633305873,847540910,48199.4974262,0.07012812,buy
1633305873,847540912,48199.4974262,0.07442484,buy
1633305874,847540914,48199,0.0161,sell
1633305883,847540916,48199.4974262,0.18068187,buy
1633305884,847540918,48199.4974262,0.01,buy
1633305886,847540920,48199,0.0002306,sell
1633305892,847540923,48200,0.00125813,buy
1633305892,847540921,48199.4974262,0.23368925,buy
1633305892,847540924,48200,0.00594542,buy
1633305893,847540925,48200,0.005,buy
1633305893,847540928,48200,0.29577691,buy
1633305893,847540929,48200,0.12280453,buy
1633305893,847540931,48200,0.414718,buy
1633305893,847540932,48200,0.15575514,buy
1633305894,847540942,48229,0.0002,buy
1633305894,847540944,48229,0.0002,buy
1633305894,847540946,48229,0.0002,buy
1633305894,847540948,48229,0.0002,buy
1633305894,847540950,48229,0.0002,buy
1633305894,847540952,48229,0.0002,buy
1633305894,847540954,48229,0.0002,buy
1633305894,847540956,48229,0.0002,buy
1633305894,847540958,48229,0.0002,buy
1633305894,847540960,48229,0.0002,buy
1633305894,847540962,48229,0.0002,buy
1633305894,847540964,48229,0.0002,buy
1633305894,847540966,48229,0.0002,buy
1633305894,847540968,48229,0.0002,buy
1633305894,847540970,48229,0.0172,buy
1633305894,847540972,48229,0.01,buy
1633305894,847540983,48234,0.0002,buy
1633305894,847540985,48234,0.0002,buy
1633305894,847540987,48234,0.0002,buy
1633305894,847540989,48234,0.00011895,buy
1633305894,847541014,48237.58506748,0.0002,buy
1633305894,847541016,48237.72633099,0.0002,buy
1633305894,847541018,48237.79981777,0.0004,buy
1633305894,847541020,48238.6276338,0.0002,buy
1633305894,847541022,48238.94207609,0.0002,buy
1633305894,847541024,48238.96049631,0.0004,buy
1633305894,847541026,48239.52893661,0.0002,buy
1633305894,847541028,48240.12117484,0.0004,buy
1633305894,847541030,48240.2990847,0.0002,buy
1633305894,847541032,48240.43023942,0.0002,buy
1633305894,847541034,48241.28185337,0.0004,buy
1633305894,847541036,48241.33154223,0.0002,buy
1633305894,847541038,48241.65609331,0.0002,buy
1633305894,847541040,48242.23284504,0.0002,buy
1633305894,847541042,48242.4425319,0.0004,buy
1633305894,847541044,48243.01310192,0.0002,buy
1633305894,847541046,48243.13414785,0.0002,buy
1633305894,847541048,48243.60321044,0.0004,buy
1633305894,847541050,48244.03545065,0.0002,buy
1633305895,847541066,48247.08524603,0.0004,buy
1633305895,847541068,48247.64066189,0.0002,buy
1633305895,847541070,48248,6.0E-5,buy
1633305895,847541071,48248.24592457,0.0004,buy
1633305895,847541073,48248.44113636,0.0002,buy
1633305895,847541075,48248.5419647,0.0002,buy
1633305895,847541077,48249,0.00354,buy
1633305895,847541078,48249,0.01646,buy
1633305895,847541079,48249,0.01,buy
1633305895,847541080,48249,6.0E-5,buy
1633305895,847541081,48249.4066031,0.0004,buy
1633305895,847541083,48249.44326751,0.0002,buy
1633305895,847541085,48249.79814497,0.0002,buy
1633305895,847541087,48250,0.00407873,buy
1633305895,847541088,48248,0.00140301,buy
1633305896,847541089,48250,0.0062,buy
1633305896,847541090,48250,0.01,buy
1633305898,847541092,48249,0.07,sell
1633305898,847541093,48246,0.20052,sell
1633305898,847541094,48248,0.005,buy
1633305899,847541095,48240,0.005,buy
1633305903,847541096,48245.72711914,0.00121755,buy
1633305903,847541098,48247,0.00126435,buy
1633305903,847541099,48249,0.0005301,buy
1633305903,847541100,48250,0.006988,buy
1633305907,847541103,48250,0.0285166,buy
1633305923,847541133,48243,8.772E-5,sell
1633305923,847541134,48243,0.01991228,sell
1633305923,847541135,48243,0.01,sell
1633305923,847541136,48243,0.03808,sell
1633305923,847541137,48243,7.72E-6,sell
1633305923,847541138,48241,0.02192,sell
1633305923,847541139,48241,0.15,sell
1633305923,847541140,48241,0.01,sell
1633305923,847541141,48241,0.01908,sell
1633305923,847541142,48239,0.0005,sell
1633305931,847541145,48234,0.00234611,buy
1633305931,847541146,48234,0.00031153,buy
1633305931,847541147,48234,0.00234236,buy
1633305937,847541149,48238.96049631,0.00014,sell
1633305937,847541151,48238.96049631,0.00014,sell
1633305937,847541153,48238.96049631,0.00014,sell
1633305937,847541155,48238.96049631,0.00014,sell
1633305937,847541157,48238.96049631,0.00014,sell
1633305937,847541159,48238.96049631,0.00014,sell
1633305937,847541161,48238.96049631,0.00014,sell
1633305937,847541163,48238.96049631,0.00014,sell
1633305937,847541165,48238.96049631,0.00014,sell
1633305937,847541167,48238.96049631,0.00014,sell
1633305937,847541169,48238.96049631,0.00014,sell
1633305937,847546171,48238.96049631,0.00014,sell
1633305937,847546173,48238.96049631,0.00014,sell
1633305937,847546175,48238.96049631,0.00014,sell
1633305937,847546177,48238.96049631,0.00014,sell
1633305937,847546179,48238.96049631,0.00014,sell
1633305937,847546181,48238.96049631,0.00014,sell
1633305937,847546183,48238.96049631,0.00014,sell
1633305937,847546185,48238.96049631,0.00014,sell
1633305937,847546187,48238.96049631,0.00014,sell
1633305937,847546189,48238.96049631,0.00014,sell
1633305937,847546191,48238.96049631,0.00014,sell
1633305937,847546193,48238.96049631,0.00014,sell
1633305937,847546195,48238.96049631,0.00014,sell
1633305938,847546197,48238.96049631,0.00014,sell
1633305938,847546199,48238.96049631,0.00014,sell
1633305938,847546201,48238.96049631,0.00014,sell
1633305938,847546203,48238.96049631,0.00014,sell
1633305938,847546205,48238.96049631,0.00014,sell
1633305938,847546207,48238.96049631,0.00014,sell
1633305938,847546209,48238.96049631,0.00014,sell
1633305938,847546211,48238.96049631,0.20011228,sell
1633305938,847546213,48238.96049631,0.00014,sell
1633305938,847546215,48238.96049631,0.00014,sell
1633305939,847546217,48238.96049631,0.00014,sell
1633305939,847546219,48238.96049631,0.00014,sell
1633305939,847546221,48238.96049631,0.00014,sell
1633305939,847546223,48238.96049631,0.00014,sell
1633305939,847546225,48238.96049631,0.00014,sell
1633305939,847546229,48238.96049631,0.00014,sell
1633305939,847546231,48238.96049631,0.00014,sell
1633305939,847546233,48238.96049631,0.00014,sell
1633305939,847546235,48238.96049631,0.00014,sell
1633305939,847546237,48238.96049631,0.00014,sell
1633305939,847546239,48238.96049631,0.00014,sell
1633305939,847546241,48238.96049631,0.00014,sell
1633305939,847546243,48238.96049631,0.00014,sell
1633305939,847546245,48238.96049631,0.19424354,sell
1633305939,847546247,48238.96049631,0.00014,sell
1633305939,847546249,48238.96049631,0.00014,sell
1633305939,847546251,48238.96049631,0.00014,sell
1633305939,847546253,48238.96049631,0.00014,sell
1633305939,847546255,48238.96049631,0.00014,sell
1633305939,847546257,48238.96049631,0.00014,sell
1633305939,847546259,48238.96049631,0.00014,sell
1633305939,847546261,48238.96049631,0.00014,sell
1633305939,847546263,48238.96049631,0.00014,sell
1633305939,847546265,48238.96049631,0.00014,sell
1633305939,847546267,48238.96049631,0.00014,sell
1633305939,847546269,48238.96049631,0.00014,sell
1633305939,847546271,48238.96049631,0.00014,sell
1633305939,847546273,48238.96049631,0.00014,sell
1633305939,847546275,48238.96049631,0.00014,sell
1633305939,847546277,48238.96049631,0.00014,sell
1633305939,847546279,48238.96049631,0.00014,sell
1633305939,847546281,48238.96049631,0.00014,sell
1633305939,847546283,48238.96049631,0.00014,sell
1633305939,847546285,48238.96049631,0.00014,sell
1633305939,847546287,48238.96049631,0.00014,sell
1633305939,847546289,48238.96049631,0.00014,sell
1633305939,847546291,48238.96049631,0.00014,sell
1633305939,847546293,48238.96049631,0.00014,sell
1633305939,847546295,48238.96049631,0.00014,sell
1633305939,847546297,48238.96049631,0.00014,sell
1633305939,847546299,48238.96049631,0.00014,sell
1633305939,847546301,48238.96049631,0.00014,sell
1633305939,847546303,48238.96049631,0.00014,sell
1633305939,847546305,48238.96049631,0.00014,sell
1633305939,847546307,48238.96049631,0.00014,sell
1633305939,847546309,48238.96049631,0.00014,sell
1633305939,847546311,48238.96049631,0.00014,sell
1633305939,847546313,48238.96049631,0.00014,sell
1633305939,847546315,48238.96049631,0.00014,sell
1633305939,847546317,48238.96049631,0.00014,sell
1633305939,847546319,48238.96049631,0.00014,sell
1633305939,847546321,48238.96049631,0.00014,sell
1633305939,847546323,48238.96049631,0.00014,sell
1633305939,847546325,48238.96049631,0.00014,sell
1633305939,847546327,48238.96049631,0.00014,sell
1633305939,847546329,48238.96049631,0.00014,sell
1633305939,847546331,48238.96049631,0.00014,sell
1633305939,847546333,48238.96049631,0.00014,sell
1633305939,847546335,48238.96049631,0.00014,sell
1633305939,847546337,48238.96049631,0.00014,sell
1633305939,847546339,48238.96049631,0.00014,sell
1633305939,847546341,48238.96049631,0.00014,sell
1633305939,847546343,48238.96049631,0.00014,sell
1633305939,847546345,48238.96049631,0.00014,sell
1633305939,847546347,48238.96049631,0.00014,sell
1633305939,847546349,48238.96049631,0.00014,sell
1633305939,847546351,48238.96049631,0.00014,sell
1633305939,847546353,48238.96049631,0.00014,sell
1633305939,847546355,48238.96049631,0.00014,sell
1633305939,847546357,48238.96049631,0.09150418,sell
1633305939,847546359,48238,0.00014618,sell
1633305941,847546361,48226,0.00126763,buy
1633305941,847546362,48226,0.00373237,buy
1633305955,847546367,48225,0.00038,sell
1633305955,847546368,48225,1.6E-7,sell
1633305956,847546381,48200,0.01786901,sell
1633305956,847546382,48200,0.05527099,sell
1633305956,847546383,48200,0.01,sell
1633305956,847546384,48200,0.01,sell
1633305956,847546385,48189.0513194,0.0499,sell
1633305957,847546387,48178,0.14461272,buy
1633305957,847546388,48178,0.16560476,buy
1633305957,847546389,48178,0.01516115,buy
1633305957,847546390,48178,0.00127531,buy
1633305957,847546391,48178,0.0183,buy
1633305957,847546394,48181,0.18482289,buy
1633305957,847546392,48178.24034561,0.00124251,buy
1633305958,847546395,48181,0.01,sell
1633305958,847546396,48181,0.05,sell
1633305958,847546397,48181,0.007591,sell
1633305958,847546398,48181,0.001279,sell
1633305958,847546399,48181,8.85E-6,sell
1633305958,847546400,48177,0.00072,sell
1633305959,847546405,48177,3.3E-7,sell
1633305972,847546408,48174,0.00125356,buy
1633305972,847546409,48174,0.00374644,buy
1633305981,847546410,48173,0.00023423,sell
1633305981,847546411,48171,0.02,sell
1633305981,847546412,48171,0.00996577,sell
1633305981,847546413,48171,3.423E-5,sell
1633305982,847546414,48163,0.18080571,buy
1633305983,847546417,48162,0.0501,sell
1633305983,847546418,48162,0.118,sell
1633305983,847546419,48162,0.00032209,sell
1633305987,847546428,48160.21428943,0.07706668,buy
1633305987,847546427,48160,0.067591,buy
1633305989,847546430,48159,8.786E-5,sell
1633305989,847546431,48156,0.00991214,sell
1633305994,847546432,48157,0.001,buy
1633305994,847546433,48156.60907819,0.001,buy
1633305994,847546435,48156.60907819,0.001,buy
1633305994,847546437,48156.60907819,0.001,buy
1633305997,847546439,48156,8.0E-5,sell
1633306000,847546440,48156,7.85E-6,sell
1633306000,847546441,48151,0.02,sell
1633306000,847546442,48151,0.00989215,sell
1633306000,847546443,48151,0.00010785,sell
1633306000,847546446,48150.29995853,0.00022,sell
1633306000,847546448,48149.58824929,0.0002,sell
1633306000,847546450,48149.39865572,0.00022,sell
1633306000,847546452,48149.37950781,0.00022,sell
1633306000,847546454,48148.49735291,0.00022,sell
1633306000,847546456,48148.42757076,0.0002,sell
1633306000,847546458,48148.0224992,0.00022,sell
1633306000,847546460,48147.59605011,0.00022,sell
1633306000,847546462,48147.26689223,0.0002,sell
1633306000,847546464,48147,0.1681,sell
1633306000,847546467,48146.6947473,0.00022,sell
1633306000,847546469,48146.66549059,7.0E-5,sell
1633306000,847546471,48146.66549059,0.00015,sell
1633306000,847546473,48146.10621369,7.0E-5,sell
1633306000,847546475,48146.10621369,7.0E-5,sell
1633306000,847546477,48146.10621369,6.0E-5,sell
1633306000,847546479,48146,9.0E-5,sell
1633306000,847546480,48146,7.0E-5,sell
1633306000,847546481,48146,7.0E-5,sell
1633306000,847546482,48146,6.0E-5,sell
1633306000,847546483,48146,2.91E-6,sell
1633306016,847546490,48146,0.054,buy
1633306020,847546491,48158,0.052,buy
1633306025,847546492,48165,0.005,sell
1633306036,847546493,48154,0.00017572,buy
1633306050,847546496,48157,8.785E-5,buy
1633306050,847546497,48157,0.14458878,buy
1633306066,847546499,48150,0.024,buy
1633306087,847546502,48182,0.00073175,buy
1633306089,847546505,48200,0.00052664,buy
1633306090,847546506,48205.01686083,0.0002,buy
1633306090,847546508,48206,0.00017553,buy
1633306102,847546511,48206.37386944,0.0002,buy
1633306102,847546513,48207.73087805,0.0002,buy
1633306102,847546515,48209.08788666,0.0002,buy
1633306102,847546517,48210.44489527,0.0002,buy
1633306102,847546519,48211.80190388,0.0002,buy
1633306102,847546521,48212,0.004,buy
1633306115,847546523,48209,8.775E-5,buy
1633306115,847546524,48213.15891249,0.0002,buy
1633306115,847546526,48214.5159211,0.0002,buy
1633306115,847546528,48215.87292971,0.0002,buy
1633306115,847546530,48217.22993832,0.0002,buy
1633306115,847546532,48218.58694693,0.0002,buy
1633306115,847546534,48219.94395554,0.0002,buy
1633306115,847546536,48221.30096415,0.0002,buy
1633306115,847546538,48222.65797276,0.0002,buy
1633306115,847546540,48224.01498138,0.0002,buy
1633306115,847546542,48225.37198999,0.0002,buy
1633306115,847546544,48226,0.000719,buy
1633306115,847546545,48226.7289986,0.0002,buy
1633306115,847546547,48228.08600721,0.0002,buy
1633306115,847546549,48229,0.0013919,buy
1633306129,847546551,48229,0.0086081,buy
1633306129,847546552,48229,0.02,buy
1633306129,847546553,48229,0.00058483,buy
1633306135,847546596,48229.44301582,0.0002,buy
1633306135,847546598,48230.80002443,0.0002,buy
1633306135,847546600,48232.15703304,0.0002,buy
1633306135,847546602,48233.51404165,0.0002,buy
1633306135,847546604,48234.87105026,0.0002,buy
1633306135,847546606,48236.22805887,0.0001,buy
1633306135,847546608,48236.22805887,0.0001,buy
1633306135,847546611,48237.58506748,0.0002,buy
1633306136,847546615,48239,0.00029234,buy
1633306141,847546635,48242,8.77E-5,buy
1633306154,847546666,48246,0.00011692,buy
1633306154,847546670,48249,0.01,buy
1633306154,847546672,48249,0.02,buy
1633306154,847546674,48249,8.768E-5,buy
1633306155,847546676,48250,0.1804869,buy
1633306159,847546678,48250,0.000433,buy
1633306160,847546680,48250,0.00120278,buy
1633306160,847546681,48250,0.14438964,buy
1633306161,847546682,48250,0.24064839,buy
1633306167,847546686,48250,0.37705596,buy
1633306167,847546688,48250,6.0E-5,buy
1633306167,847546694,48251,6.0E-5,buy
1633306175,847546696,48251.24587313,0.0002,buy
1633306175,847546698,48251.72796017,0.0004,buy
1633306175,847546700,48252,6.0E-5,buy
1633306175,847546701,48252,8.768E-5,buy
1633306175,847546702,48252.14717593,0.0002,buy
1633306175,847546704,48252.51216219,0.0002,buy
1633306175,847546706,48252.8886387,0.0004,buy
1633306175,847546708,48253,6.0E-5,buy
1633306175,847546709,48253.04847874,0.0002,buy
1633306175,847546711,48253.8691708,0.0002,buy
1633306175,847546713,48253.94978155,0.0002,buy
1633306175,847546715,48254,6.0E-5,buy
1633306175,847546716,48254.04931723,0.0004,buy
1633306175,847546718,48254.85108436,0.0002,buy
1633306175,847546720,48255,0.00713232,buy
1633306175,847546721,48255,0.18048605,buy
1633306182,847546728,48255,0.005,buy
1633306183,847546731,48255,0.11220155,buy
1633306183,847546733,48255,0.17416929,buy
1633306183,847546732,48255,0.02101079,buy
1633306183,847546734,48255,6.0E-5,buy
1633306183,847546735,48255,8.768E-5,buy
1633306183,847546739,48255.75238717,0.0002,buy
1633306183,847546741,48256,6.0E-5,buy
1633306183,847546742,48256.3706743,0.0004,buy
1633306183,847546744,48256.58318802,0.0002,buy
1633306183,847546746,48256.65368998,0.0002,buy
1633306183,847546748,48257,6.0E-5,buy
1633306183,847546749,48257.53135283,0.0004,buy
1633306183,847546751,48257.55499279,0.0002,buy
1633306183,847546753,48257.94019663,0.0002,buy
1633306183,847546755,48258,6.0E-5,buy
1633306183,847546756,48258.4562956,0.0002,buy
1633306183,847546758,48258.69203136,0.0004,buy
1633306183,847546760,48259,6.0E-5,buy
1633306183,847546761,48259.29720524,0.0002,buy
1633306183,847546763,48259.35759841,0.0002,buy
1633306183,847546765,48259.85270989,0.0004,buy
1633306183,847546767,48260,6.0E-5,buy
1633306183,847546768,48260.25890121,0.0002,buy
1633306183,847546770,48260.65421385,0.0002,buy
1633306183,847546772,48261,6.0E-5,buy
1633306183,847546773,48261.01338843,0.0004,buy
1633306183,847546775,48261.16020402,0.0002,buy
1633306183,847546777,48262,6.0E-5,buy
1633306183,847546778,48262.01122246,0.0002,buy
1633306183,847546780,48262.06150683,0.0002,buy
1633306183,847546782,48262.17406696,0.0004,buy
1633306184,847546787,48263,6.0E-5,buy
1633306184,847546789,48263,0.00023376,buy
1633306184,847546791,48263.36823107,0.0002,buy
1633306184,847546793,48263.86411245,0.0002,buy
1633306184,847546795,48264,6.0E-5,buy
1633306184,847546796,48264.49542402,0.0004,buy
1633306184,847546798,48264.72523968,0.0002,buy
1633306184,847546800,48264.76541526,0.0002,buy
1633306184,847546802,48265,6.0E-5,buy
1633306184,847546803,48265.65610256,0.0004,buy
1633306184,847546807,48266,6.0E-5,buy
1633306184,847546805,48265.66671807,0.0002,buy
1633306184,847546808,48266.08224829,0.0002,buy
1633306186,847546810,48266.56802088,0.0002,buy
1633306186,847546812,48266.81678109,0.0004,buy
1633306186,847546814,48267,6.0E-5,buy
1633306186,847546815,48267,0.00011687,buy
1633306186,847546816,48267.4392569,0.0002,buy
1633306186,847546818,48267.46932369,0.0002,buy
1633306186,847546820,48267.97745962,0.0004,buy
1633306186,847546822,48268,6.0E-5,buy
1633306186,847546823,48268.37062649,0.0002,buy
1633306186,847546827,48269,6.0E-5,buy
1633306186,847546825,48268.79626551,0.0002,buy
1633306186,847546828,48269,0.02,buy
1633306186,847546829,48269,0.01,buy
1633306190,847546841,48269.13813816,0.0004,buy
1633306190,847546843,48269.2719293,0.0002,buy
1633306190,847546845,48270,6.0E-5,buy
1633306190,847546846,48270,8.765E-5,buy
1633306190,847546847,48270.15327412,0.0002,buy
1633306190,847546849,48270.17323211,0.0002,buy
1633306190,847546853,48271,6.0E-5,buy
1633306190,847546851,48270.29881669,0.0004,buy
1633306190,847546854,48271.07453492,0.0002,buy
1633306190,847546856,48271.45949522,0.0004,buy
1633306190,847546858,48271.51028273,0.0002,buy
1633306190,847546860,48271.97583773,0.0002,buy
1633306190,847546862,48272,6.0E-5,buy
1633306190,847546863,48272,0.00071865,buy
1633306190,847546864,48272.62017375,0.0004,buy
1633306190,847546866,48272.86729134,0.0002,buy
1633306190,847546868,48272.87714054,0.0002,buy
1633306190,847546870,48273,6.0E-5,buy
1633306190,847546871,48273,0.1038,buy
1633306190,847546872,48273,0.0362891,buy
1633306200,847546878,48273.77844335,0.0002,buy
1633306200,847546880,48273.78085229,0.0004,buy
1633306200,847546882,48274,6.0E-5,buy
1633306200,847546883,48274.22429995,0.0002,buy
1633306200,847546885,48274.67974616,0.0002,buy
1633306200,847546887,48274.94153082,0.0004,buy
1633306200,847546889,48275,6.0E-5,buy
1633306200,847546890,48275.58104897,0.0002,buy
1633306200,847546892,48275.58130856,0.0002,buy
1633306200,847546894,48276,6.0E-5,buy
1633306200,847546895,48276.10220935,0.0004,buy
1633306200,847546897,48276.48235177,0.0002,buy
1633306200,847546899,48276.93831717,0.0002,buy
1633306200,847546901,48277,6.0E-5,buy
1633306200,847546902,48277.26288788,0.0004,buy
1633306200,847546904,48277.38365458,0.0002,buy
1633306200,847546906,48278,6.0E-5,buy
1633306200,847546907,48278,0.0015,buy
1633306201,847546908,48277.26288788,0.06014175,sell
1633306202,847546910,48278,0.005,buy
1633306205,847546922,48279,6.0E-5,buy
1633306206,847546929,48280,6.0E-5,buy
1633306207,847546936,48281,6.0E-5,buy
1633306207,847546938,48281,0.00032131,buy
1633306207,847546946,48282,6.0E-5,buy
1633306207,847546952,48283,6.0E-5,buy
1633306207,847546959,48284,6.0E-5,buy
1633306207,847546964,48285,6.0E-5,buy
1633306207,847546971,48286,6.0E-5,buy
1633306208,847546978,48287,6.0E-5,buy
1633306210,847546982,48287.79438606,0.0002,buy
1633306210,847546984,48288,6.0E-5,buy
1633306210,847546985,48288,0.00020443,buy
1633306210,847546986,48288.19928829,0.0002,buy
1633306210,847546988,48288.86967321,0.0004,buy
1633306210,847546990,48289,6.0E-5,buy
1633306210,847546991,48289,0.00387557,buy
1633306214,847546993,48289,0.005,buy
1633306214,847546994,48288,0.005,sell
1633306215,847546995,48289,0.00041426,buy
1633306215,847546996,48289,0.00071017,buy
1633306215,847546997,48289,0.00928983,buy
1633306218,847546998,48289,0.005,buy
1633306225,847546999,48289,0.005,buy
1633306227,847547001,48287.70899468,0.246,sell
1633306227,847547000,48288,0.0207,sell
1633306227,847547003,48287.70899468,0.254,sell
1633306230,847547005,48279,0.05,buy
1633306231,847547008,48278,0.05607052,sell
1633306231,847547009,48278,0.00023369,sell
1633306231,847547010,48278,0.01599579,sell
1633306231,847547011,48273,0.1,sell
1633306231,847547012,48269,0.00764309,sell
1633306231,847547013,48267,0.0207,sell
1633306231,847547014,48266,0.12165691,sell
1633306233,847547016,48267,0.00032,sell
1633306233,847547018,48267,1.39E-6,sell
1633306233,847547019,48266,0.07856309,sell
1633306234,847547020,48256.3706743,0.05,sell
1633306234,847547022,48255,0.11220155,sell
1633306234,847547023,48251,0.0207,sell
1633306234,847547024,48249.4066031,0.1295459,sell
1633306234,847547026,48249.4066031,0.3704541,sell
1633306234,847547030,48241,0.05876829,sell
1633306234,847547029,48242,0.1681,sell
1633306234,847547031,48239,0.0005301,sell
1633306234,847547034,48237,0.5178,sell
1633306234,847547032,48238.94207609,0.00127126,sell
1633306234,847547035,48236,0.11753658,sell
1633306234,847547040,48235,0.2499,buy
1633306234,847547042,48235,0.1463,buy
1633306234,847547044,48234,0.05,buy
1633306234,847547045,48234,0.06446214,buy
1633306234,847547047,48234,0.09071874,buy
1633306234,847547046,48234,0.08551701,buy
1633306234,847547048,48234,0.18052342,buy
1633306234,847547050,48234,0.05,buy
1633306234,847547056,48232,0.11764877,sell
1633306236,847547058,48235,0.414503,buy
1633306237,847547060,48235,0.289297,buy
1633306237,847547061,48248,0.0005301,sell
1633306241,847547062,48248,2.525E-5,sell
1633306241,847547063,48248,0.023,sell
1633306248,847547065,48243,0.00014,sell
1633306250,847547067,48243,6.17E-6,sell
1633306254,847547069,48227,0.00046787,sell
1633306254,847547070,48221,0.00953213,sell
1633306257,847547071,48224,0.0021214,buy
1633306275,847547078,48223,0.00011,sell
1633306277,847547079,48223,6.98E-6,sell
1633306277,847547080,48213.65343425,0.05,sell
1633306277,847547082,48211,0.01,sell
1633306279,847547083,48210.17071146,0.0002,sell
1633306281,847547087,48209.00980386,0.0002,sell
1633306281,847547089,48209,0.00040954,sell
1633306281,847547090,48207.84889627,0.0002,sell
1633306281,847547092,48206.68798867,0.0002,sell
1633306281,847547094,48205.52708107,0.0002,sell
1633306281,847547096,48204.36617347,0.00019999,sell
1633306286,847547100,48205.31308443,0.05,buy
1633306286,847547102,48206,0.00129952,buy
1633306286,847547103,48206,0.14726879,buy
1633306287,847547104,48206,0.05399999,buy
1633306289,847547106,48241,0.0005301,buy
1633306300,847547109,48232,0.005,sell
1633306321,847547112,48228,0.06021272,sell
1633306326,847547113,48228,0.04981113,sell
1633306326,847547114,48228,0.06189887,sell
1633306326,847547115,48228,0.0481,sell
1633306326,847547116,48228,1.13E-6,sell
1633306343,847547120,48218,0.00026713,sell
1633306343,847547121,48218,0.03299287,sell
1633306350,847547122,48216,0.00121622,sell
1633306350,847547123,48213,0.00378378,sell
1633306353,847547124,48212,0.00017551,sell
1633306353,847547125,48212,0.00149449,sell
1633306353,847547126,48212.52337712,7.0E-5,buy
1633306354,847547128,48212,0.004,sell
1633306356,847547129,48207,0.00509,sell
1633306357,847547130,48209,0.00459,sell
1633306359,847547132,48215,0.01053,buy
1633306361,847547134,48209,0.03199999,sell
1633306361,847547133,48209,0.01611,sell
1633306363,847547135,48209,0.00382,sell
1633306363,847547136,48209,0.00054,sell
1633306363,847547137,48209,0.00123,sell
1633306365,847547138,48216.12852347,0.00933,buy
1633306368,847547140,48206,0.00334,sell
1633306371,847547141,48208,0.038,buy
1633306372,847547142,48219,0.00031,sell
1633306381,847547145,48218,0.0207,sell
1633306381,847547146,48218,0.03,sell
1633306381,847547147,48218,0.0193,sell
1633306381,847547148,48219,0.00014624,buy
1633306381,847547149,48219,0.05399999,buy
1633306382,847547151,48228,0.18581,buy
1633306385,847547155,48246,0.034,sell
1633306385,847547156,48240,0.0207,sell
1633306386,847547158,48220,0.00048,sell
1633306386,847547160,48220,0.0005,sell
1633306392,847547163,48212,0.005,sell
1633306401,847547167,48214,8.775E-5,sell
1633306401,847547168,48214,0.031,sell
1633306403,847547169,48206,0.005,buy
1633306406,847549171,48215,0.005,buy
1633306439,847549178,48210,0.02499999,sell
1633306439,847549177,48210,0.00011701,sell
1633306441,847549179,48204.36617347,1.0E-8,sell
1633306441,847549181,48203.20526588,0.0002,sell
1633306441,847549183,48202.04435828,0.0002,sell
1633306441,847549185,48200.88345068,0.00019999,sell
1633306445,847549187,48207,8.0E-5,sell
1633306445,847549189,48207,7.77E-6,sell
1633306445,847549194,48199.72254308,0.0002,sell
1633306445,847549196,48199.00407832,0.00022,sell
1633306445,847549198,48198.56163549,0.0002,sell
1633306445,847549200,48198.10279173,0.00022,sell
1633306445,847549202,48198,0.06272,sell
1633306445,847549203,48198,0.10454,sell
1633306445,847549204,48198,0.00084,sell
1633306445,847549205,48197.40072789,0.0002,sell
1633306445,847549207,48197.20150515,0.00022,sell
1633306445,847549209,48196.30021856,0.00022,sell
1633306445,847549211,48196.23982029,0.0002,sell
1633306445,847549213,48195.39893198,0.00022,sell
1633306445,847549217,48195,0.06018501,sell
1633306445,847549215,48195.07891269,0.0002,sell
1633306445,847549219,48195,0.12242559,sell
1633306445,847549218,48195,0.06894852,sell
1633306445,847549220,48194.49764539,0.00022,sell
1633306445,847549222,48193.9180051,0.0002,sell
1633306445,847549224,48193.5963588,0.00022,sell
1633306445,847549226,48193,0.07510177,sell
1633306445,847549229,48191.79378563,0.00022,sell
1633306445,847549231,48191.5961899,0.0002,sell
1633306445,847549233,48191,0.01,sell
1633306445,847549234,48191,0.02,sell
1633306445,847549235,48190.89249904,0.00022,sell
1633306445,847549237,48190.4352823,0.0002,sell
1633306445,847549239,48190,0.1203455,sell
1633306445,847549240,48189.99121246,0.00022,sell
1633306445,847549242,48189.27437471,0.0002,sell
1633306445,847549244,48189.08992587,0.00022,sell
1633306445,847549246,48189,0.2004,sell
1633306445,847549247,48188.18863928,0.00022,sell
1633306445,847549249,48188.11346711,0.0002,sell
1633306445,847549251,48188,0.1681,buy
1633306445,847549253,48187.2873527,0.00022,sell
1633306445,847549255,48186.95255951,0.0002,sell
1633306445,847549257,48186.38606611,0.00022,sell
1633306445,847549259,48185.79165191,0.0002,sell
1633306445,847549261,48185.48477952,0.00022,sell
1633306445,847549263,48184.63074432,0.0002,sell
1633306445,847549267,48184,0.1028613,sell
1633306445,847549265,48184.58349294,0.00022,sell
1633306445,847549268,48184,0.00111098,buy
1633306445,847549269,48183.68220635,0.00022,sell
1633306445,847549271,48183.46983672,0.0002,sell
1633306445,847549273,48183.46983672,0.00189844,sell
1633306446,847549277,48183.46983672,0.25238756,sell
1633306446,847549279,48183.46983672,0.10547645,sell
1633306446,847549284,48183,0.20016,sell
1633306446,847549282,48183.46983672,0.14023755,sell
1633306446,847549295,48180.97834659,0.0002,sell
1633306446,847549297,48180.07706,0.00022,sell
1633306446,847549299,48179.98711393,0.0002,sell
1633306446,847549301,48179.17577342,0.00022,sell
1633306446,847549303,48178.82620633,0.0002,sell
1633306446,847549305,48178.27448683,0.00022,sell
1633306452,847549335,48173,0.00072033,sell
1633306452,847549333,48173.02166834,0.0002,sell
1633306452,847549338,48172,0.00102462,sell
1633306452,847549336,48172.86676731,0.00022,sell
1633306452,847549339,48171.96548072,0.00022,sell
1633306452,847549341,48171.86076074,0.0002,sell
1633306452,847549344,48171,0.01,sell
1633306452,847549345,48171,0.01,sell
1633306452,847549346,48171,0.01,sell
1633306452,847549359,48168.36033438,0.0002,sell
1633306452,847549361,48167.45904779,0.00022,sell
1633306452,847549363,48167.21713035,0.0002,sell
1633306452,847549365,48167.17682112,0.00022,sell
1633306452,847549369,48166.05622275,0.0002,sell
1633306452,847549371,48166,0.00017569,sell
1633306452,847549372,48165.81942569,0.00022,sell
1633306452,847549374,48165.65647462,0.00022,sell
1633306452,847549376,48164.89531516,0.0002,sell
1633306452,847549378,48164.75518803,0.00022,sell
1633306452,847549380,48164.46203026,0.00022,sell
1633306452,847549382,48163.85390144,0.00022,sell
1633306452,847549384,48163.73440756,0.0002,sell
1633306452,847549386,48163.10463483,0.00022,sell
1633306452,847549388,48162.95261486,0.00022,sell
1633306452,847549390,48162.57349996,0.0002,sell
1633306453,847549392,48162.05132827,0.00022,sell
1633306453,847549394,48161.7472394,0.00022,sell
1633306453,847549396,48161.41259236,0.0002,sell
1633306453,847549398,48161.15004168,0.00022,sell
1633306453,847549400,48160.38984397,0.00022,sell
1633306453,847549402,48160.25168477,0.0002,sell
1633306453,847549404,48160.2487551,0.00022,sell
1633306453,847549406,48159.34746851,0.00022,sell
1633306453,847549408,48159.09077717,0.00022,sell
1633306453,847549410,48159.03244854,0.00022,sell
1633306453,847549412,48158.44618192,0.00022,sell
1633306453,847549414,48158,0.00010431,sell
1633306459,847549416,48159,0.0002,sell
1633306459,847549417,48159,4.98E-6,sell
1633306459,847549418,48158,0.10988502,sell
1633306459,847549420,48158,1.067E-5,sell
1633306460,847549445,48153.93974899,0.0002,sell
1633306460,847549447,48153.60286682,0.00022,sell
1633306460,847549449,48153.28623918,0.0002,sell
1633306460,847549451,48153.0384624,0.00022,sell
1633306460,847549453,48152.24547139,0.00022,sell
1633306460,847549455,48152.13717582,0.00022,sell
1633306460,847549457,48152.12533158,0.0002,sell
1633306460,847549459,48151.23588923,0.00022,sell
1633306460,847549461,48151,0.0037,sell
1633306467,847549468,48156,0.10992067,buy
1633306467,847549469,48156,0.02100749,buy
1633306467,847549470,48156,0.01399251,buy
1633306481,847549471,48156,0.06030804,sell
1633306488,847549472,48159,0.004,sell
1633306495,847549473,48165.65647462,0.005,buy
1633306503,847549482,48156,0.07062012,sell
1633306503,847549483,48156,8.786E-5,sell
1633306508,847549487,48151,0.00126473,sell
1633306508,847549489,48151,0.00087469,sell
1633306509,847549490,48151,0.01416058,sell
1633306509,847549492,48151,0.00072054,sell
1633306509,847549491,48151,0.01,sell
1633306509,847549493,48151,0.00014644,sell
1633306509,847549494,48150.96442399,0.0002,sell
1633306509,847549496,48150.88807596,0.00022,sell
1633306509,847549498,48150.33460265,0.00022,sell
1633306521,847549516,48149.80351639,0.0002,sell
1633306521,847549518,48149.53068053,0.00022,sell
1633306521,847549520,48149.43331606,0.00022,sell
1633306521,847549522,48148.64260879,0.0002,sell
1633306521,847549524,48148.53202947,0.00022,sell
1633306521,847549526,48148.1732851,0.00022,sell
1633306521,847549528,48147.63074289,0.00022,sell
1633306521,847549530,48147.48170119,0.0002,sell
1633306521,847549532,48146.81588967,0.00022,sell
1633306521,847549534,48146.7294563,0.00022,sell
1633306521,847549536,48146.3207936,0.0002,sell
1633306521,847549538,48145.82816971,0.00022,sell
1633306521,847549540,48145.45849424,0.00022,sell
1633306521,847549542,48145.159886,0.0002,sell
1633306521,847549544,48144.92688313,0.00022,sell
1633306521,847549546,48144.10109881,0.00022,sell
1633306521,847549548,48144.02559654,0.00022,sell
1633306521,847549550,48143.9989784,0.0002,sell
1633306521,847549552,48143.12430995,0.00022,sell
1633306521,847549554,48142.8380708,0.0002,sell
1633306521,847549556,48142.74370338,0.00022,sell
1633306521,847549558,48142.22302337,0.00022,sell
1633306521,847549560,48142,0.00072061,sell
1633306521,847549561,48141.67716321,0.0002,sell
1633306521,847549563,48141.38630795,0.00022,sell
1633306521,847549565,48141.32173678,0.00022,sell
1633306523,847549567,48140.51625561,0.0002,sell
1633306523,847549569,48140.42045019,0.00022,sell
1633306523,847549571,48140.02891252,0.00022,sell
1633306523,847549573,48140,0.0012667,sell
1633306523,847549574,48140,0.00032224,sell
1633306523,847549575,48139.51916361,0.00022,sell
1633306523,847549577,48139.35534801,0.0002,sell
1633306523,847549579,48138.67151709,0.00022,sell
1633306523,847549581,48138.61787702,0.00022,sell
1633306523,847549583,48138.19444041,0.0002,sell
1633306523,847549585,48138.19444041,0.00171106,sell
1633306526,847549589,48137.71659043,0.00022,sell
1633306526,847549591,48137.31412166,0.00022,sell
1633306526,847549593,48137.03353282,0.0002,sell
1633306526,847549595,48136.81530385,0.00022,sell
1633306526,847549597,48135.95672623,0.00022,sell
1633306526,847549599,48135.91401726,0.00022,sell
1633306526,847549601,48135.87262522,0.0002,sell
1633306526,847549603,48135.01273067,0.00022,sell
1633306526,847549605,48135,0.00120083,sell
1633306526,847549606,48134.71171762,0.0002,sell
1633306526,847549608,48134.5993308,0.00022,sell
1633306526,847549610,48134.11144409,0.00022,sell
1633306526,847549612,48134.11144409,0.00143917,sell
1633306534,847549616,48137,8.79E-5,sell
1633306534,847549617,48134,6.6E-5,sell
1633306534,847549618,48134,0.0017245,sell
1633306535,847549619,48134,0.14476289,buy
1633306535,847549620,48134,0.18095361,buy
1633306536,847549621,48138,0.00127571,sell
1633306536,847549622,48135,0.00372429,sell
1633306544,847549623,48134.11144409,0.005,buy
1633306561,847549626,48134,8.789E-5,sell
1633306561,847549627,48133.55081002,0.0002,sell
1633306561,847549629,48133.24193537,0.00022,sell
1633306561,847549631,48133.2101575,0.00022,sell
1633306561,847549633,48133,6.6E-5,sell
1633306561,847549634,48132.38990243,0.0002,sell
1633306561,847549636,48132.30887091,0.00022,sell
1633306561,847549638,48132,6.6E-5,sell
1633306561,847549639,48131.88453994,0.00022,sell
1633306561,847549641,48131.40758433,0.00022,sell
1633306561,847549643,48131.22899483,0.0002,sell
1633306561,847549646,48131,0.01906726,sell
1633306561,847549645,48131,0.01,sell
1633306575,847549651,48131,0.00093274,sell
1633306575,847549652,48131,6.6E-5,sell
1633306575,847549653,48131,8.79E-5,sell
1633306581,847549656,48130.52714452,0.00022,sell
1633306581,847549658,48130.50629774,0.00022,sell
1633306581,847549660,48130.06808723,0.0002,sell
1633306581,847549662,48130,6.6E-5,sell
1633306581,847549663,48130,0.009294,sell
1633306581,847549664,48130,0.01,sell
1633306581,847549665,48130,0.01537,sell
1633306581,847549666,48130,0.23,sell
1633306581,847549667,48130,0.01,sell
1633306581,847549668,48130,0.02,sell
1633306581,847549669,48130,0.24,sell
1633306581,847549670,48130,0.01,sell
1633306581,847549671,48130,0.12,sell
1633306581,847549672,48130,0.03,sell
1633306581,847549673,48130,0.03,sell
1633306581,847549674,48130,0.03,sell
1633306581,847549675,48130,0.02,sell
1633306581,847549676,48130,0.01,sell
1633306581,847549677,48130,0.02,sell
1633306581,847549678,48130,0.01,sell
1633306581,847549679,48130,0.02,sell
1633306581,847549680,48130,0.07,sell
1633306581,847549681,48130,0.03,sell
1633306581,847549682,48130,0.01,sell
1633306581,847549683,48130,0.01,sell
1633306581,847549684,48130,0.01,sell
1633306581,847549685,48130,0.035336,sell
1633306581,847549687,48129.16974909,0.00022,sell
1633306581,847549689,48129,6.6E-5,sell
1633306581,847549690,48128.90717963,0.0002,sell
1633306581,847549694,48128,6.6E-5,sell
1633306581,847549692,48128.70372457,0.00022,sell
1633306581,847549701,48127,2.0E-5,sell
1633306581,847549703,48127,4.6E-5,sell
1633306581,847549719,48126,1.4E-5,sell
1633306581,847549721,48126,5.2E-5,sell
1633306581,847549725,48125.42445684,6.0E-5,sell
1633306581,847549727,48125.42445684,6.0E-5,sell
1633306581,847549729,48125.42445684,6.0E-5,sell
1633306581,847549737,48125.0975628,2.0E-5,sell
1633306581,847549739,48125,4.0E-5,sell
1633306581,847549741,48125,2.6E-5,sell
1633306581,847549749,48124,6.6E-5,sell
1633306581,847549759,48123.10264165,6.0E-5,sell
1633306581,847549761,48123.10264165,6.0E-5,sell
1633306581,847549766,48123,6.6E-5,sell
1633306581,847549771,48122,6.6E-5,sell
1633306581,847549777,48121,6.0E-5,sell
1633306581,847549778,48121,6.0E-6,sell
1633306581,847549779,48120.78082645,0.0002,sell
1633306581,847549781,48120.59214529,0.00022,sell
1633306581,847549783,48120,6.6E-5,sell
1633306581,847549784,48119.6908587,0.00022,sell
1633306581,847549786,48119.66798108,0.00022,sell
1633306581,847549788,48119.61991885,0.0002,sell
1633306581,847549790,48119,6.6E-5,sell
1633306581,847549791,48118.78957211,0.00022,sell
1633306581,847549793,48118.45901125,0.0002,sell
1633306581,847549795,48118.31058565,0.00022,sell
1633306581,847549797,48118,6.6E-5,sell
1633306581,847549798,48117.88828553,0.00022,sell
1633306581,847549800,48117.29810366,0.0002,sell
1633306581,847549803,48117,0.04141,sell
1633306581,847549802,48117,6.6E-5,sell
1633306581,847549804,48116.98699894,0.00022,sell
1633306581,847549806,48116.95319022,0.00022,sell
1633306581,847549808,48116.13719606,0.0002,sell
1633306581,847549810,48116.08571235,0.00022,sell
1633306581,847549812,48116,6.6E-5,sell
1633306581,847549813,48115.59579479,0.00022,sell
1633306581,847549815,48115.18442577,0.00022,sell
1633306581,847549817,48115,6.6E-5,sell
1633306581,847549818,48114.97628846,0.0002,sell
1633306581,847549820,48114.28313918,0.00022,sell
1633306581,847549822,48114.23839936,0.00022,sell
1633306581,847549824,48114,6.6E-5,sell
1633306581,847549831,48113,2.0E-5,sell
1633306581,847549833,48113,4.6E-5,sell
1633306582,847549847,48112,6.6E-5,sell
1633306582,847549848,48111.57927942,0.00022,sell
1633306582,847549850,48111.5236085,0.00022,sell
1633306582,847549854,48111,0.02,sell
1633306582,847549852,48111.49356567,0.0002,sell
1633306582,847549855,48111,0.01,sell
1633306582,847549856,48111,6.6E-5,sell
1633306582,847549857,48110.67799283,0.00022,sell
1633306582,847549859,48110.33265807,0.0002,sell
1633306582,847549861,48110.16621307,0.00022,sell
1633306582,847549863,48110,6.6E-5,sell
1633306582,847549864,48109.77670625,0.00022,sell
1633306582,847549868,48109,6.6E-5,sell
1633306582,847549866,48109.17175047,0.0002,sell
1633306582,847549869,48108.87541966,0.00022,sell
1633306582,847549871,48108.80881764,0.00022,sell
1633306582,847549873,48108.01084288,0.0002,sell
1633306582,847549875,48108,6.6E-5,sell
1633306582,847549876,48107.97413307,0.00022,sell
1633306582,847549878,48107.45142221,0.00022,sell
1633306582,847549880,48107.07284649,0.00022,sell
1633306582,847549882,48107,6.6E-5,sell
1633306582,847549883,48106.84993528,0.0002,sell
1633306582,847549885,48106.1715599,0.00022,sell
1633306582,847549887,48106.09402678,0.00022,sell
1633306582,847549889,48106,6.6E-5,sell
1633306582,847549890,48106,0.00122056,buy
1633306582,847549891,48109,0.00377944,buy
1633306582,847549892,48105.68902768,0.0002,sell
1633306582,847549894,48105.27027331,0.00022,sell
1633306582,847549896,48105,6.6E-5,sell
1633306582,847549897,48104.73663135,0.00022,sell
1633306582,847549899,48104.52812008,0.0002,sell
1633306582,847549901,48104.36898673,0.00022,sell
1633306582,847549903,48104,6.6E-5,sell
1633306582,847549904,48103.46770014,0.00022,sell
1633306582,847549906,48103.37923592,0.00022,sell
1633306582,847549908,48103.36721249,0.0002,sell
1633306582,847549910,48103,0.003168,sell
1633306582,847549911,48103,0.005,sell
1633306582,847549912,48103,0.027061,sell
1633306582,847549913,48103,0.028494,sell
1633306582,847549916,48103,0.036277,sell
1633306582,847549917,48103,6.6E-5,sell
1633306583,847549918,48102.56641356,0.00022,sell
1633306583,847549920,48102.20630489,0.0002,sell
1633306583,847549922,48102.02184049,0.00022,sell
1633306583,847549924,48102,6.6E-5,sell
1633306583,847549925,48102,0.000204,sell
1633306583,847549926,48102,0.00064621,sell
1633306583,847549927,48101.66512697,0.00022,sell
1633306583,847549931,48101,6.6E-5,sell
1633306583,847549929,48101.04539729,0.0002,sell
1633306584,847549932,48101,0.01,buy
1633306585,847549934,48101,0.015,buy
1633306589,847549939,48100.76384038,0.00022,sell
1633306589,847549941,48100.66444506,0.00022,sell
1633306589,847549943,48100,0.002,sell
1633306589,847549944,48100,6.6E-5,sell
1633306589,847549945,48099.88448969,0.0002,sell
1633306589,847549947,48099.8625538,0.00022,sell
1633306589,847549949,48099.30704963,0.00022,sell
1633306589,847549951,48099,6.6E-5,sell
1633306589,847549952,48098.96126721,0.00022,sell
1633306589,847549954,48098.7235821,0.0002,sell
1633306589,847549956,48098.05998062,0.00022,sell
1633306589,847549958,48098,6.6E-5,sell
1633306589,847549959,48097.9496542,0.00022,sell
1633306589,847549961,48097.5626745,0.0002,sell
1633306589,847549963,48097.15869404,0.00022,sell
1633306589,847549965,48097,6.6E-5,sell
1633306589,847549966,48096.59225877,0.00022,sell
1633306589,847549968,48096.4017669,0.000156,sell
1633306590,847549970,48097,0.005037,buy
1633306590,847549971,48097,0.004963,buy
1633306601,847549975,48096.59225877,8.34E-5,sell
1633306601,847549977,48096.4017669,4.4E-5,sell
1633306601,847549979,48096.4017669,8.34E-5,sell
1633306601,847549981,48096.25740745,0.00022,sell
1633306601,847549984,48096,8.34E-5,sell
1633306601,847549983,48096,6.6E-5,sell
1633306601,847549985,48095.35612086,0.00022,sell
1633306601,847549987,48095.2408593,0.0002,sell
1633306601,847549991,48095,6.6E-5,sell
1633306601,847549989,48095.23486334,0.00022,sell
1633306601,847549992,48094.45483428,0.00022,sell
1633306601,847549994,48094.07995171,0.0002,sell
1633306601,847549996,48094,6.6E-5,sell
1633306601,847549997,48093.87746791,0.00022,sell
1633306601,847550001,48093,6.6E-5,sell
1633306601,847549999,48093.55354769,0.00022,sell
1633306601,847550002,48092.91904411,0.0002,sell
1633306601,847550004,48092.6522611,0.00022,sell
1633306601,847550006,48092.52007248,0.00022,sell
1633306601,847550008,48092,6.6E-5,sell
1633306601,847550009,48091.75813651,0.0002,sell
1633306601,847550011,48091.75097452,0.00022,sell
1633306601,847550013,48091.16267706,0.00022,sell
1633306601,847550015,48091,0.02,sell
1633306601,847550017,48091,6.6E-5,sell
1633306601,847550016,48091,0.01,sell
1633306601,847550018,48090.84968793,0.00022,sell
1633306601,847550020,48090.59722891,0.0002,sell
1633306601,847550022,48090,6.6E-5,sell
1633306601,847550023,48089.94840134,0.00022,sell
1633306601,847550025,48089.80528163,0.00022,sell
1633306601,847550027,48089.43632132,0.0002,sell
1633306601,847550029,48089.04711476,0.00022,sell
1633306601,847550031,48089,6.6E-5,sell
1633306601,847550032,48088.4478862,0.00022,sell
1633306601,847550034,48088.27541372,0.0002,sell
1633306601,847550036,48088.14582817,0.00022,sell
1633306601,847550038,48088,6.6E-5,sell
1633306601,847550039,48087.24454158,0.00022,sell
1633306601,847550041,48087.11450612,0.0002,sell
1633306601,847550043,48087.09049077,0.00022,sell
1633306601,847550045,48087,6.599E-5,sell
1633306603,847550048,48087,1.0E-8,sell
1633306603,847550049,48087,0.00043992,sell
1633306603,847550050,48086.343255,0.00022,sell
1633306603,847550052,48086,6.6E-5,sell
1633306603,847550053,48085.95359852,0.0002,sell
1633306603,847550055,48085.73309534,0.00022,sell
1633306603,847550057,48085.44196841,0.00022,sell
1633306603,847550059,48085,6.6E-5,sell
1633306603,847550060,48084.79269093,0.0002,sell
1633306603,847550062,48084.54068182,0.00022,sell
1633306603,847550064,48084.37569991,0.00022,sell
1633306603,847550066,48084,6.6E-5,sell
1633306603,847550067,48083.63939524,0.00022,sell
1633306603,847550069,48083.63178333,0.0002,sell
1633306603,847550071,48083.01830448,0.00022,sell
1633306603,847550073,48083,6.6E-5,sell
1633306603,847550074,48082.73810865,0.00022,sell
1633306603,847550076,48082.47087573,0.0002,sell
1633306603,847550078,48082,6.6E-5,sell
1633306603,847550079,48081.83682206,0.00022,sell
1633306603,847550081,48081.66090905,0.00022,sell
1633306603,847550083,48081.30996813,0.0002,sell
1633306603,847550085,48081,6.6E-5,sell
1633306603,847550086,48081,0.00072116,sell
1633306603,847550087,48080.93553548,0.00022,sell
1633306603,847550089,48080.30351362,2.291E-5,sell
1633306603,847550091,48088,0.01,buy
1633306603,847550092,48080.30351362,0.00019709,sell
1633306603,847550094,48080.14906054,0.0002,sell
1633306603,847550096,48080.03424889,0.00022,sell
1633306603,847550098,48080,6.6E-5,sell
1633306603,847550099,48079.1329623,0.00022,sell
1633306603,847550101,48079,6.6E-5,sell
1633306603,847550102,48079,0.0007212,sell
1633306603,847550103,48078.98815294,0.0002,sell
1633306603,847550105,48078.94611819,0.00022,sell
1633306603,847550107,48078.23167572,0.00022,sell
1633306603,847550109,48078,6.6E-5,sell
1633306603,847550110,48077.82724534,0.0002,sell
1633306603,847550112,48077.58872276,0.00022,sell
1633306603,847550114,48077.33038913,0.00022,sell
1633306603,847550116,48077,6.6E-5,sell
1633306603,847550117,48076.66633774,0.0002,sell
1633306603,847550119,48076.42910254,0.00022,sell
1633306603,847550121,48076.23132733,0.00022,sell
1633306603,847550123,48076,6.6E-5,sell
1633306603,847550124,48075.52781596,0.00022,sell
1633306603,847550126,48075.50543015,0.00022,sell
1633306603,847550128,48075,6.6E-5,sell
1633306603,847550129,48074.8739319,0.00022,sell
1633306603,847550131,48074.62652937,0.00022,sell
1633306603,847550133,48074.34452255,0.00022,sell
1633306603,847550135,48074,6.6E-5,sell
1633306603,847550136,48074,0.00121615,sell
1633306603,847550137,48073.72524278,0.00022,sell
1633306603,847550139,48073.51653647,0.00022,sell
1633306603,847550141,48073.18361495,0.00022,sell
1633306603,847550143,48073,6.6E-5,sell
1633306603,847550144,48072.8239562,0.00022,sell
1633306603,847550146,48072.15914104,0.00022,sell
1633306603,847550148,48072.02270735,0.00022,sell
1633306603,847550150,48072,6.6E-5,sell
1633306603,847550151,48072,0.01729156,sell
1633306609,847550159,48084,8.799E-5,sell
1633306609,847550160,48072.02270735,6.562E-5,sell
1633306609,847550162,48072,6.562E-5,sell
1633306609,847550163,48071.92266961,0.00022,sell
1633306609,847550165,48071.02138302,0.00022,sell
1633306609,847550167,48071,0.00384077,sell
1633306610,847550170,48082,0.005,buy
1633306611,847553171,48082,0.04789999,buy
1633306613,847553172,48082,0.043,buy
1633306613,847553173,48082,0.00191081,buy
1633306614,847553174,48091,0.00014663,buy
1633306614,847553175,48091,0.00485337,buy
1633306620,847553182,48092.6522611,0.00528173,buy
1633306624,847553186,48090,0.005,buy
1633306629,847553188,48095,0.00011728,buy
1633306629,847553189,48100,0.00488272,buy
1633306631,847553191,48110,0.00043971,buy
1633306631,847553192,48117,0.00456029,buy
1633306633,847553193,48123,0.00127297,sell
1633306639,847553195,48123,1.0E-8,sell
1633306639,847553196,48123,0.0529,sell
1633306639,847553197,48123,0.03799999,sell
1633306639,847553198,48123,1.0E-8,sell
1633306643,847553199,48103,0.0001466,sell
1633306644,847553201,48096,0.00020525,sell
1633306644,847553202,48089.94840134,0.00061885,sell
1633306647,847553204,48090,0.0529,buy
1633306650,847553205,48092,0.00011729,sell
1633306662,847553206,48092,0.005,sell
1633306677,847553207,48086,0.00017597,sell
1633306680,847553208,48083,0.00121241,buy
1633306680,847553209,48083,0.14369209,buy
1633306680,847553210,48083,0.005,buy
1633306694,847553212,48082,0.06038009,sell
1633306714,847553214,48089,0.005,buy
1633306718,847553216,48083,8.799E-5,sell
1633306718,847553217,48082,0.02991201,sell
1633306725,847553218,48084,0.000533,buy
1633306725,847553219,48084,0.000533,buy
1633306725,847553220,48084,0.000533,buy
1633306725,847553221,48084,0.000533,buy
1633306725,847553222,48084,0.000533,buy
1633306725,847553223,48084,0.000533,buy
1633306725,847553224,48084,0.000533,buy
1633306725,847553225,48084,0.000533,buy
1633306725,847553226,48084,0.000533,buy
1633306725,847553227,48084,0.000533,buy
1633306725,847553228,48084,0.000533,buy
1633306725,847553229,48084,0.00051532,buy
1633306725,847553230,48084,0.032,buy
1633306730,847553231,48093,0.00023459,buy
1633306733,847553233,48097,0.00011728,buy
1633306734,847553234,48097,0.02079999,sell
1633306735,847553235,48092,8.797E-5,sell
1633306750,847553237,48089,0.005,sell
1633306765,847553239,48088,0.01,buy
1633306774,847553241,48089,0.052,sell
1633306774,847553242,48087.24454158,0.0083752,sell
1633306779,847553244,48082,0.02,sell
1633306779,847553245,48082,0.18379,sell
1633306779,847553246,48082,0.038,sell
1633306781,847553247,48075,6.6E-5,sell
1633306781,847553248,48074.8739319,0.00022,sell
1633306781,847553250,48074.62652937,0.11184289,sell
1633306786,847553252,48074.34452255,0.00022,sell
1633306786,847553254,48074,6.6E-5,sell
1633306786,847553255,48074,0.000294,sell
1633306786,847553256,48074,0.00023,sell
1633306786,847553257,48074,4.02E-6,sell
1633306786,847553258,48073.51653647,0.00022,sell
1633306786,847553262,48073,6.6E-5,sell
1633306786,847553260,48073.18361495,0.00022,sell
1633306786,847553263,48072.15914104,0.00022,sell
1633306786,847553267,48072,6.6E-5,sell
1633306786,847553265,48072.02270735,0.00022,sell
1633306786,847553268,48071,0.01615923,sell
1633306786,847553270,48071,6.6E-5,sell
1633306786,847553269,48071,0.01,sell
1633306786,847553271,48070.86179976,0.00022,sell
1633306786,847553273,48070.80174561,0.00022,sell
1633306786,847553277,48070,6.6E-5,sell
1633306786,847553275,48070.12009644,0.00022,sell
1633306789,847553278,48069.70089216,0.00022,sell
1633306789,847553280,48069.44435018,0.00022,sell
1633306789,847553282,48069.21880985,0.00022,sell
1633306789,847553284,48069,6.6E-5,sell
1633306789,847553285,48069,0.0001467,sell
1633306789,847553286,48069,0.0002795,sell
1633306794,847553287,48069,0.005,sell
1633306803,847553288,48068.53998456,0.00022,sell
1633306803,847553290,48068.31752326,0.00022,sell
1633306803,847553292,48068.08695475,0.00022,sell
1633306803,847553294,48068,6.6E-5,sell
1633306803,847553295,48067.41623668,0.00022,sell
1633306803,847553297,48067.37907696,0.00022,sell
1633306803,847553299,48067,6.6E-5,sell
1633306803,847553300,48066.72955932,0.00022,sell
1633306803,847553302,48066.51495009,0.00022,sell
1633306803,847553304,48066.21816936,0.00022,sell
1633306803,847553306,48066,6.6E-5,sell
1633306803,847553307,48065.6136635,0.00022,sell
1633306803,847553309,48065.37216389,0.00022,sell
1633306803,847553311,48065.05726177,0.00022,sell
1633306803,847553313,48065,0.002382,sell
1633306805,847553316,48070,0.000304,buy
1633306809,847553318,48075,0.00011734,buy
1633306809,847553319,48075,0.051,buy
1633306809,847553320,48075,0.00171968,buy
1633306809,847553324,48091,0.00122043,sell
1633306809,847553325,48088,0.00377957,sell
1633306811,847553326,48092,0.021,sell
1633306814,847553327,48080,0.0208,sell
1633306814,847553328,48078,0.03958487,sell
1633306816,847553329,48081.83682206,0.005,sell
1633306819,847553331,48069,0.00011736,sell
1633306820,847553332,48076,6.052E-5,buy
1633306820,847553333,48080,0.00493948,buy
1633306826,847553334,48079,0.00023466,buy
1633306826,847553335,48084,0.00476534,buy
1633306833,847553337,48082,0.00112924,buy
1633306835,847553340,48082,8.799E-5,buy
1633306835,847553339,48082,0.039,buy
1633306835,847553344,48082,0.04177039,buy
1633306835,847553345,48081.08382731,0.005,sell
1633306854,847553347,48092.58594887,0.06037773,sell
1633306862,847553349,48092,0.048,sell
1633306863,847553351,48086,0.005,buy
1633306873,847553352,48093,0.00044064,buy
1633306873,847553354,48093,0.032,buy
1633306873,847553353,48093,0.00032256,buy
1633306873,847553355,48093.74698855,0.00044064,buy
1633306873,847553357,48093.9132795,0.00044064,buy
1633306875,847553360,48114,0.1810852,sell
1633306888,847553361,48110.00154418,0.00028007,buy
1633306888,847553363,48111,0.00028007,buy
1633306888,847553364,48111.55594761,0.00443986,buy
1633306888,847553366,48115,0.01,buy
1633306892,847553371,48118,0.085549,sell
1633306892,847553369,48121,0.041,sell
1633306892,847553370,48118,0.0183,sell
1633306892,847553372,48122,0.00084988,buy
1633306892,847553373,48126.4843591,0.00335577,buy
1633306894,847553375,48119,0.0208,sell
1633306894,847553376,48118,0.03955373,sell
1633306896,847553377,48121,0.005,buy
1633306899,847553378,48126,0.00023441,buy
1633306899,847553379,48126,0.00120733,buy
1633306899,847553380,48126.25609981,0.00023441,buy
1633306899,847553382,48126.4843591,0.14332385,buy
1633306900,847553384,48121,0.02079999,sell
1633306904,847553385,48128,0.005,buy
1633306908,847553386,48128,0.01,buy
1633306916,847553401,48126.13984978,0.00019143,buy
1633306916,847553403,48127,0.0001465,buy
1633306916,847553404,48127,0.00019143,buy
1633306916,847553405,48128,0.00947064,buy
1633306924,847553407,48128,0.005,buy
1633306929,847553408,48128,0.001966,buy
1633306934,847553409,48127.04097023,0.05,sell
1633306934,847553411,48127,0.01033165,sell
1633306936,847553414,48127,0.064,sell
1633306941,847553420,48121,0.00011722,sell
1633306961,847553423,48115,0.00017585,sell
1633306965,847553424,48115,1.0E-8,sell
1633306965,847553426,48097,0.08602721,sell
1633306965,847553425,48097,0.16231001,sell
1633306965,847553427,48096.06906793,0.0999,sell
1633306965,847553429,48096.06906793,0.042451,sell
1633306965,847553432,48095.5017545,0.00122037,sell
1633306965,847553431,48096,0.1,sell
1633306965,847553434,48095,0.1539914,sell
1633306965,847553435,48094,0.09447469,sell
1633306965,847553436,48092.58594887,0.207891,sell
1633306965,847553438,48092,0.06021558,sell
1633306966,847553439,48082,0.00121403,buy
1633306974,847553443,48079,6.6E-5,sell
1633306974,847553442,48081,0.00099723,sell
1633306976,847553444,48078.98486802,0.00022,sell
1633306976,847553448,48078,6.6E-5,sell
1633306976,847553446,48078.65347261,0.00022,sell
1633306976,847553449,48077.6277397,0.00022,sell
1633306976,847553451,48077.49243292,0.00022,sell
1633306976,847553453,48077.47934551,0.00022,sell
1633306976,847553455,48077,6.6E-5,sell
1633306976,847553456,48076.57822506,0.00022,sell
1633306976,847553458,48076.33139324,0.00022,sell
1633306976,847553460,48076.27061139,0.00022,sell
1633306976,847553462,48076,6.6E-5,sell
1633306976,847553463,48075.67710461,0.00022,sell
1633306976,847553465,48075.17035355,0.00022,sell
1633306976,847553467,48075,6.6E-5,sell
1633306976,847553468,48074.91348307,0.00022,sell
1633306976,847553470,48074.77598416,0.00022,sell
1633306976,847553472,48074.00931386,0.00022,sell
1633306976,847553474,48074,6.6E-5,sell
1633306976,847553475,48073.87486371,0.00022,sell
1633306976,847553479,48073,6.6E-5,sell
1633306976,847553477,48073.55635475,0.00022,sell
1633306976,847553480,48072.97374326,0.00022,sell
1633306976,847553482,48072.84827417,0.00022,sell
1633306976,847553484,48072.19922644,0.00022,sell
1633306976,847553486,48072.07262281,0.00022,sell
1633306976,847553488,48072,6.6E-5,sell
1633306976,847553489,48071.68723448,0.00022,sell
1633306976,847553491,48071.17150236,0.00022,sell
1633306976,847553493,48071,6.6E-5,sell
1633306976,847553494,48070.84209812,0.00022,sell
1633306976,847553496,48070.5261948,0.00022,sell
1633306976,847553498,48070.27038191,0.00022,sell
1633306976,847553500,48070,6.6E-5,sell
1633306976,847553501,48069.4849698,0.00022,sell
1633306976,847553503,48069.36926146,0.00022,sell
1633306976,847553507,48069,6.6E-5,sell
1633306976,847553505,48069.36515511,0.00022,sell
1633306976,847553508,48068.46814101,0.00022,sell
1633306976,847553512,48068.20411542,0.03580816,sell
1633306976,847553510,48068.20411542,0.00022,sell
1633306976,847553514,48068.12784149,0.00022,sell
1633306976,847553516,48068,6.6E-5,sell
1633306976,847553517,48067.56702056,0.00022,sell
1633306976,847553519,48067.04307573,0.00022,sell
1633306976,847553521,48067.04307573,0.1463,sell
1633306976,847553523,48067,6.6E-5,sell
1633306976,847553524,48066.77071317,0.00022,sell
1633306976,847553526,48066.66590011,0.00022,sell
1633306976,847553530,48066,6.6E-5,sell
1633306976,847553528,48066.66590011,0.1764,sell
1633306976,847553531,48066,0.00125531,sell
1633306976,847553532,48065.88203605,0.00022,sell
1633306976,847553534,48065.76477966,0.00022,sell
1633306976,847553538,48065,0.01450776,sell
1633306976,847553536,48065.41358485,0.00022,sell
1633306976,847553539,48065,6.6E-5,sell
1633306976,847553540,48064.86365921,0.00022,sell
1633306976,847553542,48064.72099636,0.00022,sell
1633306976,847553546,48064.05645654,0.00121571,sell
1633306976,847553544,48064.05645654,0.00022,sell
1633306976,847553548,48064,6.6E-5,sell
1633306976,847553549,48064,0.1681,sell
1633306985,847553555,48063.96253876,0.00022,sell
1633306985,847553557,48063.55995667,0.00022,sell
1633306985,847553559,48063.06141832,0.00022,sell
1633306985,847553561,48063,6.6E-5,sell
1633306985,847553562,48063,0.00052817,sell
1633306985,847553563,48062.69932822,0.00022,sell
1633306985,847553565,48062.39891698,0.00022,sell
1633306985,847553567,48062.16029787,0.00022,sell
1633306985,847553569,48062,6.6E-5,sell
1633306985,847553570,48062,0.00301983,sell
1633306986,847553571,48064,7.55E-5,buy
1633306986,847553572,48064,0.04499999,buy
1633306997,847553574,48067,0.015,sell
1633307000,847553578,48067,0.12584422,sell
1633307000,847553580,48067,0.008,sell
1633307002,847553585,48061.34219991,0.00022,sell
1633307002,847553587,48061.25917742,0.00022,sell
1633307002,847553589,48061.23787729,0.00022,sell
1633307002,847553591,48061,6.6E-5,sell
1633307002,847553592,48061,0.012,sell
1633307002,847553593,48060.35805697,0.00022,sell
1633307002,847553595,48060.07683761,0.00022,sell
1633307002,847553597,48060,6.6E-5,sell
1633307002,847553598,48059.98507159,0.00022,sell
1633307002,847553600,48059.45693652,0.00022,sell
1633307002,847553602,48059,6.6E-5,sell
1633307002,847553603,48058.91579792,0.00022,sell
1633307002,847553605,48058.62794327,0.00022,sell
1633307002,847553607,48058.55581607,0.00022,sell
1633307002,847553609,48058,6.6E-5,sell
1633307002,847553610,48057.75475823,0.00022,sell
1633307002,847553612,48057.65469562,0.00022,sell
1633307002,847553614,48057.27081496,0.00022,sell
1633307002,847553616,48057,6.6E-5,sell
1633307002,847553617,48056.75357517,0.00022,sell
1633307002,847553619,48056.59371854,0.00022,sell
1633307002,847553621,48056,6.6E-5,sell
1633307002,847553622,48055.91368664,0.00022,sell
1633307002,847553624,48055.85245472,0.00022,sell
1633307002,847553626,48055.43267886,0.00022,sell
1633307002,847553628,48055,6.6E-5,sell
1633307002,847553629,48054.95133427,0.00022,sell
1633307002,847553631,48054.55655832,0.00022,sell
1633307002,847553633,48054.27163917,0.00022,sell
1633307002,847553635,48054.05021382,0.00022,sell
1633307002,847553637,48054,6.6E-5,sell
1633307002,847553638,48054,0.002632,sell
1633307012,847553651,48060,8.804E-5,sell
1633307012,847553652,48053.19943001,0.00022,sell
1633307012,847553654,48053.14909337,0.00022,sell
1633307012,847553656,48053.11059948,0.00022,sell
1633307012,847553658,48053,6.6E-5,sell
1633307012,847553659,48052.24797292,0.00022,sell
1633307012,847553661,48052,6.6E-5,sell
1633307012,847553662,48051.94955979,0.00022,sell
1633307012,847553664,48051.84230169,0.00022,sell
1633307012,847553666,48051.34685247,0.00022,sell
1633307012,847553668,48051,0.00323996,sell
1633307013,847553669,48051,0.005,sell
1633307013,847553670,48051,0.00176004,sell
1633307013,847553671,48051,0.00323996,sell
1633307013,847553672,48051,0.005,sell
1633307013,847553673,48051,0.01176004,sell
1633307013,847553674,48051,6.6E-5,sell
1633307013,847553675,48050.7885201,0.00022,sell
1633307013,847553677,48050.48517337,0.00022,sell
1633307013,847553679,48050.44573202,0.00022,sell
1633307013,847553681,48050,6.6E-5,sell
1633307013,847553682,48049.62748042,0.00022,sell
1633307013,847553684,48049.54461157,0.00022,sell
1633307013,847553686,48049.12804506,0.00022,sell
1633307013,847553688,48049,6.6E-5,sell
1633307013,847553689,48048.64349112,0.00022,sell
1633307013,847553691,48048.46644073,0.00022,sell
1633307013,847553693,48048.46644073,0.00128196,sell
1633307014,847553695,48052,0.14497273,buy
1633307014,847553696,48049.62748042,0.005,sell
1633307019,847553698,48052,0.053,buy
1633307019,847553699,48056,0.00011738,sell
1633307019,847553700,48053,0.00488262,sell
1633307041,847553704,48053,8.805E-5,sell
1633307041,847553705,48053,0.03899999,sell
1633307041,847553707,48053,1.0E-8,sell
1633307041,847553709,48048,6.6E-5,sell
1633307041,847553724,48047.30540104,0.14608601,sell
1633307041,847553726,48047,6.6E-5,sell
1633307041,847553727,48046.84125022,0.00022,sell
1633307041,847553729,48046.41378842,0.00022,sell
1633307041,847553733,48046,6.6E-5,sell
1633307041,847553731,48046.14436135,0.00022,sell
1633307041,847553741,48045,6.0E-5,sell
1633307041,847553743,48045,6.0E-6,sell
1633307041,847553751,48044,6.6E-5,sell
1633307043,847553763,48043.23676842,6.6E-5,sell
1633307043,847553765,48043,6.6E-5,sell
1633307043,847553766,48043,0.000218,sell
1633307043,847553768,48043,6.0E-5,sell
1633307043,847553770,48043,1.553E-5,sell
1633307043,847553775,48042.66124229,1.553E-5,sell
1633307043,847553777,48042.34240347,4.447E-5,sell
1633307043,847553786,48042,6.0E-5,sell
1633307043,847553787,48042,6.0E-6,sell
1633307043,847553788,48041.5002026,0.00022,sell
1633307043,847553790,48041.43452753,0.00022,sell
1633307043,847553792,48041,6.6E-5,sell
1633307043,847553793,48040.98527516,0.00022,sell
1633307043,847553795,48040.53340708,0.00022,sell
1633307043,847553797,48040.33916291,0.00022,sell
1633307043,847553799,48040,6.6E-5,sell
1633307043,847553800,48039.63228663,0.00022,sell
1633307043,847553802,48039.63228663,0.11817913,sell
1633307043,847553811,48039,6.6E-5,sell
1633307044,847553827,48038.01708354,0.00022,sell
1633307044,847553829,48038,6.6E-5,sell
1633307046,847553832,48037.83004573,0.00022,sell
1633307046,847553834,48037,6.6E-5,sell
1633307046,847553835,48037,0.00017615,sell
1633307046,847553836,48036.92892528,0.00022,sell
1633307046,847553838,48036.91389021,0.00022,sell
1633307046,847553840,48036.85604385,0.00022,sell
1633307046,847553842,48036.02780483,0.00022,sell
1633307046,847553844,48036,0.005,sell
1633307046,847553845,48036,6.6E-5,sell
1633307046,847553846,48035.69500416,0.00022,sell
1633307046,847553848,48035.55676189,0.00022,sell
1633307046,847553850,48035.12668438,0.00022,sell
1633307046,847553852,48035,6.6E-5,sell
1633307046,847553853,48034.53396447,0.00022,sell
1633307046,847553855,48034.22556393,0.00022,sell
1633307046,847553857,48034.19963358,0.00022,sell
1633307046,847553859,48034,6.6E-5,sell
1633307046,847553860,48033.37292479,0.00022,sell
1633307046,847553864,48033,6.6E-5,sell
1633307046,847553862,48033.32444348,0.00022,sell
1633307046,847553865,48032.84250526,0.00022,sell
1633307046,847553867,48032.42332303,0.00022,sell
1633307046,847553869,48032.2118851,0.00022,sell
1633307046,847553871,48032,6.6E-5,sell
1633307046,847553872,48031.52220258,0.00022,sell
1633307046,847553874,48031.48537694,0.00022,sell
1633307046,847553876,48031.05084541,0.00022,sell
1633307046,847553878,48031,0.02,sell
1633307046,847553880,48031,6.6E-5,sell
1633307046,847553879,48031,0.01,sell
1633307046,847553881,48030.62108213,0.00022,sell
1633307046,847553883,48030.12824863,0.00022,sell
1633307046,847553885,48030,6.6E-5,sell
1633307046,847553886,48029.88980572,0.00022,sell
1633307046,847553888,48029.71996168,0.00022,sell
1633307046,847553890,48029,6.6E-5,sell
1633307046,847553891,48028.81884123,0.00022,sell
1633307046,847553893,48028.77112031,0.00022,sell
1633307046,847553895,48028.72876604,0.00022,sell
1633307046,847553897,48028,6.6E-5,sell
1633307046,847553898,48027.91772078,0.00022,sell
1633307046,847553900,48027.56772635,0.00022,sell
1633307046,847553902,48027.41399199,0.00022,sell
1633307046,847553904,48027.01660033,0.00022,sell
1633307046,847553906,48027,6.6E-5,sell
1633307046,847553907,48026.40668666,0.00022,sell
1633307046,847553909,48026.11547988,0.00022,sell
1633307046,847553913,48026,6.6E-5,sell
1633307046,847553911,48026.05686368,0.00022,sell
1633307046,847553914,48025.24564697,0.00022,sell
1633307046,847553916,48025.21435943,0.00022,sell
1633307046,847553918,48025,6.6E-5,sell
1633307046,847553919,48025,0.00072148,sell
1633307046,847553920,48024.69973536,0.00022,sell
1633307046,847553922,48024.31323898,0.00022,sell
1633307046,847553924,48024.08460728,0.00022,sell
1633307046,847553926,48024,6.6E-5,sell
1633307046,847553927,48024,0.21888626,sell
1633307046,847553928,48023.41211853,0.00022,sell
1633307046,847553930,48023.34260704,0.00022,sell
1633307046,847553932,48023,6.6E-5,sell
1633307046,847553933,48023,0.09769081,sell
1633307046,847553934,48022.9235676,0.00022,sell
1633307046,847553936,48022.51099808,0.00022,sell
1633307046,847553938,48022,6.6E-5,sell
1633307046,847553939,48022,0.0052293,sell
1633307049,847553942,48028.77112031,0.13611938,buy
1633307049,847553944,48022,0.0012458,sell
1633307049,847553945,48021.98547873,0.00022,sell
1633307049,847553947,48021.76252791,0.00022,sell
1633307049,847553949,48021.60987764,0.00022,sell
1633307049,847553951,48021,6.6E-5,sell
1633307049,847553952,48021,0.0007215,sell
1633307049,847553953,48020.70875719,0.00022,sell
1633307049,847553955,48020.62835041,0.00022,sell
1633307049,847553957,48020.60148822,0.00022,sell
1633307049,847553959,48020,6.6E-5,sell
1633307049,847553960,48019.80763674,0.00022,sell
1633307049,847553962,48019.44044853,0.00022,sell
1633307049,847553964,48019.27122209,0.00022,sell
1633307049,847553966,48019,6.6E-5,sell
1633307049,847553967,48019,0.0008547,sell
1633307049,847553968,48019,0.005,sell
1633307049,847553969,48028.81884123,0.00129408,buy
1633307050,847553974,48043.69953179,0.00121306,sell
1633307050,847553976,48043,0.00878694,sell
1633307056,847553979,48044,0.00014677,buy
1633307064,847553986,48047.30540104,0.0945,sell
1633307064,847553988,48047,0.057,sell
1633307064,847553989,48038.27101852,0.2485,sell
1633307069,847553995,48040,0.12874,buy
1633307069,847553996,48040,0.03849439,buy
1633307069,847553997,48040,0.00050561,buy
1633307069,847553998,48046.84125022,0.00123115,buy
1633307069,847554000,48048,0.0001174,buy
1633307069,847554001,48048,0.00124617,buy
1633307069,847554003,48050.48517337,0.00129376,buy
1633307069,847554002,48050,0.312231,buy
1633307069,847554005,48050.48517337,0.01161225,buy
1633307069,847554009,48053,0.0208,buy
1633307069,847554007,48050.48517337,0.19654075,buy
1633307069,847554010,48053,0.416338,buy
1633307069,847554011,48055,1.95079388,buy
1633307069,847554012,48055.85245472,0.20819733,buy
1633307069,847554014,48056,0.14162942,buy
1633307069,847554015,48056,0.03260248,buy
1633307069,847554017,48058.62794327,0.0012019,buy
1633307069,847554019,48063,0.0208,buy
1633307069,847554020,48063.06141832,0.00746683,buy
1633307069,847554022,48063.96253876,0.0012295,buy
1633307069,847554024,48065,0.06329612,buy
1633307069,847554025,48065,0.48977565,buy
1633307069,847554026,48065,0.0012,buy
1633307069,847554030,48064,0.0012313,buy
1633307069,847554031,48065,0.0282487,buy
1633307069,847554034,48065,0.00126465,buy
1633307069,847554040,48069,0.09472604,buy
1633307069,847554041,48065.88203605,0.14566,buy
1633307069,847554043,48068.12784149,0.19175247,buy
1633307069,847554045,48068.12784149,0.01636953,buy
1633307069,847554047,48074,0.11475457,buy
1633307069,847554048,48075.17035355,0.2040722,buy
1633307069,847554050,48079,0.2001,buy
1633307069,847554051,48082,1.0E-8,buy
1633307069,847554052,48082,0.14558594,buy
1633307069,847554053,48083,0.15288155,buy
1633307069,847554054,48083,0.02954009,buy
1633307069,847554057,48086.49055,0.0012889,sell
1633307069,847554059,48086,0.00038382,sell
1633307069,847554062,48092,0.15285291,buy
1633307069,847554063,48093,0.13401242,buy
1633307069,847554064,48086.49055,0.00127868,sell
1633307069,847554066,48086,0.00086978,sell
1633307069,847554067,48086,0.23947739,sell
1633307069,847554072,48093,0.11159569,buy
1633307070,847554074,48102,0.20076,buy
1633307070,847554075,48109,0.003125,buy
1633307070,847554076,48109,0.003125,buy
1633307070,847554079,48109,0.003125,buy
1633307070,847554082,48109,0.010625,buy
1633307070,847554084,48109,0.01,buy
1633307070,847554087,48116,0.02,buy
1633307071,847554090,48116,0.2299,buy
1633307072,847554092,48122,0.324449,sell
1633307072,847554091,48123,0.0208,sell
1633307072,847554093,48126.4843591,0.00122195,buy
1633307072,847554095,48127,0.00877805,buy
1633307072,847554096,48124,0.00124289,buy
1633307072,847554097,48127,0.12875711,buy
1633307072,847554098,48119,0.015,buy
1633307074,847554100,48105,0.00123244,buy
1633307074,847554101,48108,0.01876756,buy
1633307075,847554102,48109,0.14484437,sell
1633307080,847554104,48105,0.00121212,buy
1633307080,847554105,48105,0.00167106,buy
1633307080,847554106,48108,0.00211682,buy
1633307081,847554107,48104,0.06035446,sell
1633307082,847554108,48104,0.049,sell
1633307083,847554109,48099,0.00120134,buy
1633307083,847554110,48102,0.00185095,buy
1633307088,847554111,48099,0.00120723,buy
1633307088,847554112,48102,0.00379277,buy
1633307104,847554118,48099,9.174E-5,buy
1633307104,847554120,48099,0.037,buy
1633307106,847554121,48104.19634574,0.0999,sell
1633307121,847554124,48101,0.00078354,sell
1633307121,847554125,48101,0.05957271,sell
1633307129,847554129,48102,8.472E-5,buy
1633307129,847554131,48102,0.036,buy
1633307134,847554133,48108,8.791E-5,buy
1633307134,847554135,48108,0.009,buy
1633307134,847554137,48119,0.41549621,buy
1633307135,847554138,48119,0.01435,buy
1633307135,847554139,48119,0.03928213,buy
1633307135,847554140,48119,0.00031787,buy
1633307135,847554141,48119,4.52E-6,buy
1633307135,847554142,48129,0.01,buy
1633307135,847554143,48129,0.02,buy
1633307135,847554146,48139,0.1998,buy
1633307136,847554149,48147.76674057,0.00124101,sell
1633307136,847554151,48147.15481419,0.055,sell
1633307136,847554153,48147.15481419,0.08850259,sell
1633307137,847554155,48147.15481419,0.01139741,sell
1633307154,847554162,48138,0.10811851,sell
1633307161,847554164,48129,0.06033151,sell
1633307161,847554163,48138,1.0E-8,sell
1633307166,847554165,48129,0.14479894,sell
1633307167,847554167,48130,0.00032231,buy
1633307167,847554169,48130,0.02738279,buy
1633307179,847554170,48130,0.00010088,buy
1633307179,847556171,48138,0.00489912,buy
1633307185,847556172,48135,0.00014648,buy
1633307185,847556174,48135,0.047,buy
1633307185,847556173,48135,9.51E-5,buy
1633307189,847556175,48147,0.033,sell
1633307197,847556176,48129,0.08979065,sell
1633307197,847556177,48129,0.0001172,sell
1633307197,847556178,48129,0.03399999,sell
1633307202,847556179,48112,0.06034013,sell
1633307230,847556180,48124,0.00014002,sell
1633307249,847556183,48125,7.696E-5,buy
1633307256,847556185,48132.44769293,0.20778365,buy
1633307256,847556188,48137,0.00124691,buy
1633307256,847556198,48139,0.09877901,buy
1633307256,847556200,48139,0.10778,buy
1633307256,847556201,48139,0.13596974,buy
1633307256,847556203,48139,0.07305025,buy
1633307257,847556206,48140,0.00014648,buy
1633307259,847556211,48147,0.06030173,sell
1633307263,847556214,48147,8.825E-5,buy
1633307263,847556215,48148,0.00071944,buy
1633307263,847556216,48148,0.00049143,buy
1633307263,847556217,48149,0.00370088,buy
1633307269,847556218,48149,0.005,buy
1633307273,847556220,48148,0.218116,sell
1633307273,847556221,48148,0.0529,sell
1633307273,847556222,48148,0.03,sell
1633307273,847556224,48143.67169513,0.0999,sell
1633307273,847556226,48139.02753638,0.48966853,sell
1633307273,847556228,48139,0.04743281,sell
1633307273,847556230,48139,0.01033147,buy
1633307273,847556232,48139,0.43293666,buy
1633307273,847556233,48136,0.0183,buy
1633307273,847556234,48136,0.12643867,buy
1633307277,847556235,48129,0.00128305,buy
1633307277,847556236,48129,0.00371695,buy
1633307282,847556245,48129,0.00126795,buy
1633307282,847556243,48129,0.01708305,buy
1633307282,847556247,48130,0.00120905,buy
1633307282,847556249,48132,0.0208,buy
1633307299,847556256,48132,0.0004102,sell
1633307299,847556257,48129,0.05990856,sell
1633307305,847556258,48133,6.735E-5,buy
1633307306,847556259,48137,0.18091583,buy
1633307306,847556261,48137,0.37012542,buy
1633307306,847556263,48137,8.788E-5,buy
1633307330,847556266,48147.76674057,0.000332,buy
1633307332,847556269,48147,0.062,sell
1633307332,847556268,48147,0.051067,sell
1633307339,847556272,48129,0.055,buy
1633307339,847556270,48128.84321113,0.05,buy
1633307339,847556273,48135,0.06031223,sell
1633307352,847556276,48142,0.00014647,buy
1633307352,847556277,48142,6.838E-5,buy
1633307352,847556278,48146,0.00478515,buy
1633307368,847556280,48145,8.788E-5,buy
1633307368,847556281,48145,6.413E-5,buy
1633307368,847556282,48146,0.00484799,buy
1633307373,847556284,48146,0.00208909,buy
1633307379,847556285,48148.31585388,0.06029428,sell
1633307410,847556288,48131,0.0003516,sell
1633307410,847556289,48131,0.00070603,sell
1633307410,847556290,48129,0.00394237,sell
1633307418,847556291,48128,8.791E-5,sell
1633307419,847556292,48124,0.01,sell
1633307419,847556293,48124,0.00011721,sell
1633307420,847556294,48124,1.0E-8,sell
1633307431,847556297,48113.48466325,0.005,sell
1633307432,847556299,48116,0.00023448,sell
1633307432,847556300,48113.48466325,0.00065886,sell
1633307434,847556303,48109,0.00022,buy
1633307434,847556305,48109,0.00022,buy
1633307434,847556307,48109,0.00022,buy
1633307434,847556309,48109,0.00022,buy
1633307434,847556311,48109,0.00022,buy
1633307434,847556313,48109,0.00022,buy
1633307434,847556315,48109,0.00022,buy
1633307434,847556317,48109,0.00125406,buy
1633307434,847556319,48109,0.00022,buy
1633307434,847556321,48109,0.00022,buy
1633307434,847556323,48109,0.00022,buy
1633307434,847556325,48109,0.00022,buy
1633307434,847556327,48109,0.00022,buy
1633307434,847556329,48109,0.00022,buy
1633307434,847556331,48109,0.00022,buy
1633307434,847556333,48109,0.00022,buy
1633307446,847556343,48106,0.00029315,sell
1633307446,847556344,48105.86494094,3.785E-5,sell
1633307446,847556346,48106.10943383,0.05,buy
1633307449,847556350,48107,0.057,buy
1633307449,847556352,48113,0.00239517,buy
1633307450,847556354,48115,0.00020517,buy
1633307450,847556355,48119.67841514,0.005,buy
1633307455,847556359,48119.67841514,0.00027888,buy
1633307459,847556361,48119,0.00120129,sell
1633307465,847556362,48119,1.0E-8,sell
1633307465,847556363,48119,0.00124433,sell
1633307465,847556364,48119,0.00375566,sell
1633307465,847556368,48120,0.00014653,buy
1633307466,847556369,48128,0.10637042,buy
1633307466,847556370,48128,0.03837571,buy
1633307467,847556371,48128,0.00180151,buy
1633307469,847556372,48128,0.0661932,buy
1633307469,847556373,48128,0.00023442,buy
1633307499,847556376,48138.36733509,0.00471018,sell
1633307499,847556378,48138,0.05559772,sell
1633307503,847556379,48138.36733509,0.00471012,sell
1633307503,847556381,48138,0.06399999,sell
1633307521,847556385,48130,0.0012942,buy
1633307521,847556386,48131,0.0037058,buy
1633307526,847556387,48132,0.0001172,buy
1633307526,847556388,48134,0.0048828,buy
1633307537,847556390,48132,0.048,buy
1633307539,847556391,48131.40253635,0.0047109,sell
1633307549,847556394,48135,0.003306,buy
1633307571,847556397,48134.88493572,0.00471057,sell
1633307571,847556399,48134,0.00471057,sell
1633307571,847556400,48134,0.04818943,sell
1633307572,847556402,48129,0.0529,sell
1633307573,847556405,48109,0.0529,sell
1633307573,847556406,48109,0.00061558,sell
1633307574,847556412,48105.78523388,0.00022,sell
1633307574,847556414,48105,0.00011728,sell
1633307574,847556415,48104.88368428,0.00022,sell
1633307574,847556417,48103.98213468,0.00022,sell
1633307574,847556419,48103.08058507,0.00022,sell
1633307574,847556421,48103.08058507,0.1764,sell
1633307574,847556423,48102.17903547,0.00010272,sell
1633307574,847556425,48102.17903547,0.00011728,sell
1633307574,847556427,48101.27748587,0.00022,sell
1633307574,847556429,48100.37593627,0.00022,sell
1633307574,847556433,48099,6.6E-5,sell
1633307574,847556431,48099.47438666,0.00022,sell
1633307574,847556436,48098,6.6E-5,sell
1633307574,847556434,48098.57283706,0.00022,sell
1633307574,847556437,48097.67128746,0.00022,sell
1633307574,847556439,48097,6.6E-5,sell
1633307574,847556440,48096.76973786,0.00022,sell
1633307574,847556442,48096.57854262,0.09978272,sell
1633307575,847556451,48096,6.6E-5,sell
1633307575,847556455,48095,6.6E-5,sell
1633307575,847556461,48094,6.6E-5,sell
1633307579,847556464,48093.16353945,0.00022,sell
1633307579,847556466,48093.09614324,0.00022,sell
1633307579,847556469,48093,0.00035187,sell
1633307579,847556468,48093,6.6E-5,sell
1633307579,847556470,48092.54045253,0.00022,sell
1633307579,847556472,48092.26198985,0.00022,sell
1633307579,847556474,48092,6.6E-5,sell
1633307579,847556475,48091.93534345,0.00022,sell
1633307579,847556477,48091.36044024,0.00022,sell
1633307579,847556481,48091,6.6E-5,sell
1633307579,847556479,48091.18355439,0.00022,sell
1633307579,847556482,48090.77454366,0.00022,sell
1633307579,847556484,48090.45889064,0.00022,sell
1633307579,847556486,48090,6.6E-5,sell
1633307579,847556487,48089.82665626,0.00022,sell
1633307579,847556489,48089.61374387,0.00022,sell
1633307579,847556493,48089,6.6E-5,sell
1633307579,847556491,48089.55734104,0.00022,sell
1633307584,847556494,48088.65579144,0.00022,sell
1633307584,847556496,48088.46975813,0.00022,sell
1633307584,847556498,48088.45294408,0.00022,sell
1633307584,847556500,48088,6.6E-5,sell
1633307584,847556501,48087.75424183,0.00022,sell
1633307584,847556503,48087.29214429,0.00022,sell
1633307584,847556505,48087.11286,0.00022,sell
1633307584,847556507,48087,6.6E-5,sell
1633307584,847556508,48086.85269223,0.00022,sell
1633307584,847556510,48086.1313445,0.00022,sell
1633307584,847556512,48086,6.6E-5,sell
1633307584,847556513,48085.95114263,0.00022,sell
1633307584,847556515,48085.75596187,0.00022,sell
1633307584,847556517,48085.04959303,0.00022,sell
1633307584,847556519,48085,6.6E-5,sell
1633307584,847556520,48084.97054471,0.00022,sell
1633307584,847556522,48084.39906374,0.00022,sell
1633307584,847556524,48084.14804342,0.00022,sell
1633307584,847556526,48084,6.6E-5,sell
1633307584,847556527,48083.80974491,0.00022,sell
1633307584,847556529,48083.24649382,0.00022,sell
1633307584,847556531,48083.04216561,0.00022,sell
1633307584,847556533,48083,6.6E-5,sell
1633307584,847556534,48082.64894512,0.00022,sell
1633307584,847556536,48082.34494422,0.00022,sell
1633307584,847556538,48082,6.6E-5,sell
1633307584,847556539,48081.68526748,0.00022,sell
1633307584,847556541,48081.48814533,0.000138,sell
1633307597,847556550,48085,0.00023,sell
1633307597,847556553,48085,4.63E-6,sell
1633307598,847556560,48081,6.6E-5,sell
1633307598,847556569,48080,6.6E-5,sell
1633307598,847556575,48079,6.6E-5,sell
1633307598,847556582,48078,6.6E-5,sell
1633307598,847556587,48077,6.6E-5,sell
1633307599,847556596,48076,6.6E-5,sell
1633307600,847556601,48075,6.6E-5,sell
1633307600,847556603,48075,0.00029335,sell
1633307600,847556610,48074,6.6E-5,sell
1633307600,847556617,48073,6.6E-5,sell
1633307605,847556622,48072.42789859,0.00123441,buy
1633307605,847556624,48073,0.04876559,buy
1633307605,847556625,48073,0.003517,buy
1633307621,847556627,48073,0.00027904,buy
1633307623,847556628,48073,9.645E-5,buy
1633307636,847556633,48072,6.6E-5,sell
1633307636,847556635,48072,8.801E-5,sell
1633307636,847556640,48071,6.6E-5,sell
1633307636,847556646,48070,6.6E-5,sell
1633307639,847556655,48069,0.0007213,sell
1633307639,847556653,48069,6.6E-5,sell
1633307639,847556657,48069,8.801E-5,sell
1633307639,847556664,48068,6.6E-5,sell
1633307639,847556672,48067,6.6E-5,sell
1633307639,847556678,48066,6.6E-5,sell
1633307639,847556685,48065,6.6E-5,sell
1633307640,847556689,48064.04559178,0.00022,sell
1633307640,847556691,48064,6.6E-5,sell
1633307640,847556692,48064,0.00014671,sell
1633307640,847556693,48063.41240257,0.00022,sell
1633307640,847556695,48063,6.6E-5,sell
1633307640,847556696,48062.91534868,0.00022,sell
1633307640,847556698,48062.68869365,0.00022,sell
1633307640,847556700,48062.51085297,0.00022,sell
1633307640,847556702,48062,6.6E-5,sell
1633307640,847556703,48061.75454888,0.00022,sell
1633307640,847556705,48061.60930336,0.00022,sell
1633307640,847556707,48061.33179552,0.00022,sell
1633307640,847556709,48061,6.6E-5,sell
1633307640,847556710,48060.70775376,0.00022,sell
1633307640,847556712,48060.59374909,0.00022,sell
1633307640,847556714,48060,6.6E-5,sell
1633307640,847556715,48059.97489738,0.00022,sell
1633307640,847556717,48059.80620416,0.00022,sell
1633307640,847556719,48059.4329493,0.00022,sell
1633307640,847556721,48059,6.6E-5,sell
1633307640,847556722,48058.90465456,0.00022,sell
1633307640,847556724,48058.61799925,0.00022,sell
1633307640,847556726,48058.27214951,0.00022,sell
1633307640,847556728,48058.00310495,0.00022,sell
1633307640,847556730,48058,6.6E-5,sell
1633307641,847556731,48057.26110112,0.00022,sell
1633307641,847556733,48057.11134972,0.00022,sell
1633307641,847556735,48057.10155535,0.00021129,sell
1633307642,847556739,48058,0.0529,buy
1633307645,847556741,48060.59374909,0.208139,buy
1633307645,847556744,48061.33179552,0.01042141,buy
1633307645,847556743,48061,0.045,buy
1633307646,847556746,48083,0.015,buy
1633307648,847556750,48072,0.00630131,buy
1633307648,847556749,48072,0.00017602,buy
1633307675,847556764,48075,0.00180655,buy
1633307685,847556766,48075,8.8E-5,buy
1633307685,847556767,48075,0.053,buy
1633307690,847556769,48079,0.05063051,sell
1633307696,847556780,48057.10155535,8.71E-6,sell
1633307696,847556782,48057,6.6E-5,sell
1633307696,847556783,48057,0.01492529,sell
1633307709,847556802,48057,0.218204,buy
1633307709,847556804,48057,0.0208,buy
1633307709,847556803,48057,0.0529,buy
1633307709,847556805,48057,0.00125893,buy
1633307709,847556806,48057,0.1,buy
1633307709,847556807,48057,0.08229369,buy
1633307709,847556808,48057,0.048,buy
1633307709,847556809,48058,0.9991,buy
1633307709,847556810,48058,0.9991,buy
1633307710,847556812,48058,0.20817,buy
1633307710,847556813,48057,0.12244308,buy
1633307710,847556815,48057,0.09578392,buy
1633307710,847556817,48058,0.11238608,buy
1633307710,847556820,48058,0.18947121,buy
1633307710,847556819,48058,0.015,buy
1633307710,847556824,48058,0.00470397,buy
1633307710,847556822,48058,0.03529603,buy
1633307710,847556826,48058,0.13,buy
1633307710,847556827,48058,0.17750903,buy
1633307710,847556835,48059,0.20816,buy
1633307710,847556837,48059,0.20816,buy
1633307710,847556842,48060,0.01183,buy
1633307710,847556845,48060,0.10144331,buy
1633307710,847556844,48060,0.03,buy
1633307710,847556846,48060,0.00144581,buy
1633307711,847556848,48079,0.00127212,sell
1633307711,847556849,48079,6.638E-5,sell
1633307711,847556850,48080,0.003405,buy
1633307711,847556851,48080,0.00014666,buy
1633307711,847556853,48081,0.17874834,buy
1633307711,847556852,48080,0.021,buy
1633307716,847556858,48096,0.00133244,sell
1633307724,847556860,48101,0.00058815,buy
1633307724,847556859,48101,0.0006157,buy
1633307730,847556862,48103,0.09807356,buy
1633307770,847556873,48102,0.00063348,sell
1633307770,847556875,48102,0.05156756,sell
1633307777,847556878,48096,0.1,sell
1633307777,847556879,48096,8.0E-5,sell
1633307777,847556881,48096,7.97E-6,sell
1633307783,847556884,48073,0.0529,buy
1633307800,847556888,48083.80974491,0.005,buy
1633307814,847556892,48089,0.00020528,sell
1633307814,847556893,48089,0.00979472,sell
1633307830,847556895,48094,8.796E-5,buy
1633307871,847556899,48102.38254157,0.000262,sell
1633307874,847556901,48103,0.07932372,buy
1633307874,847556902,48103,0.06551289,buy
1633307874,847556904,48103,0.10661654,buy
1633307874,847556905,48103,0.00026386,buy
1633307893,847556907,48110,0.00020519,buy
1633307905,847556910,48128,0.063557,sell
1633307917,847556912,48110.50814011,0.005,sell
1633307917,847556914,48113,0.00123507,buy
1633307917,847556915,48113,0.00376493,buy
1633307921,847556917,48107,0.064,sell
1633307921,847556918,48106,0.12334112,sell
1633307921,847556919,48106,0.15826235,sell
1633307921,847556920,48107,0.14482294,buy
1633307924,847556925,48102,0.00057378,buy
1633307924,847556923,48101.27748587,0.00123072,buy
1633307931,847556931,48101,0.00020523,sell
1633307939,847556938,48081,0.058,buy
